2710 4820
229 291 309 372 ars
533 289 591 366 ue
616 221 1006 372 nomannorum.

229 495 418 565 motabilem
455 493 491 558 in
519 493 650 560 modum
682 493 856 562 Boeoticae
883 493 1022 564 dialecto
1059 497 1214 564 convenit
1240 523 1303 566 cnm

227 597 528 673 Neo-Graecorum
554 594 834 684 pronuntiatione,
867 616 952 685 qnae
982 619 1081 685 quum
1109 599 1170 666 illa
1196 607 1227 664 {i
1245 600 1302 665 ini

228 711 261 767 et
291 699 324 764 ἇῖ
354 699 390 765 in
417 694 439 775 ἦ
465 707 585 774 mutet,
629 696 922 787 diphthongos‘cas
942 699 1055 766 eaden
1076 724 1159 767 sono
1181 704 1301 788 profert,

227 791 406 883 detrusi,
440 798 528 886 quod
549 798 665 866 Boeoti
684 797 719 863 in
741 795 769 862 {i
796 809 938 877 mutant,
971 823 1056 868 nova
1081 801 1302 869 mutationeiu

229 925 345 971 sonum
373 907 389 960 t
419 899 533 984 afficit,
569 899 709 987 denique
737 898 874 965 cundem
902 901 1017 970 tribuit
1037 902 1241 992 diphthongo
1267 909 1301 984 n,

227 1029 310 1095 quac
331 1001 464 1070 Boeotis
484 1000 519 1064 in
541 999 681 1068 similem
702 1021 817 1066 sonum
849 1001 1070 1072 omousios-at.
1135 1003 1306 1068 Verissime'

226 1103 410 1176 Boockbins
446 1127 480 1192 p.
512 1102 576 1168 718
611 1099 790 1188 judicavit,
828 1125 868 1172 cx
898 1104 958 1171 han
996 1103 1069 1192 ipsa
1100 1105 1304 1172 similitudine

225 1207 398 1276 Boeoticac
429 1204 606 1293 scripturae
627 1212 667 1268 et
685 1201 933 1270 Neo-Graecae
964 1206 1241 1294 pronuntiationis
1259 1231 1302 1295 ap·

225 1331 358 1400 parere,
406 1327 471 1372 non
510 1314 596 1371 recte
637 1303 774 1392 reliquis
802 1304 999 1376 Graecorum
1038 1306 1189 1373 dialectis
1224 1306 1303 1372 Neo·

121 1403 124 1414 ¹
225 1411 382 1478 Graecam
411 1404 706 1495 pronuntiationem
734 1405 879 1489 obtrudi,
910 1405 1008 1494 quia,
1037 1407 1104 1482 nisi
1125 1408 1247 1476 Boeoti
1265 1409 1303 1474 di.

224 1515 318 1578 serua
345 1534 364 1576 a
384 1506 521 1595 reliquis
541 1504 804 1595 pronuntiatione
825 1506 877 1572 usi
898 1519 1027 1586 essent,
1059 1531 1125 1574 non
1148 1509 1302 1596 intellige·

222 1625 313 1680 retur
320 1661 333 1692 ,
348 1653 350 1664 ·
366 1634 425 1676 cur
453 1607 645 1696 scripturam
671 1617 859 1673 mutassent.
925 1607 987 1672 Cui
1000 1625 1201 1696 ,argumento
1231 1611 1300 1676 baud

222 1716 376 1802 exiguum
407 1721 604 1777 momentum
632 1707 779 1789 accedit,
823 1709 970 1778 sirecte
1002 1705 1046 1798 (ξ.
1069 1709 1126 1797 41)
1158 1712 1302 1802 suspicati

224 1839 352 1892 snmus,
388 1823 520 1903 propter
540 1811 645 1899 ipsam
663 1809 838 1876 Bocoticae
858 1811 1132 1898 pronuntiationis
1153 1837 1174 1878 a
1196 1814 1304 1882 vicinis

101 1913 107 1926 ’
222 1917 356 2010 populis
377 1912 650 2002 discrepantiam,
673 1911 863 1999 scripturam
884 1922 1030 1978 novatam
1051 1935 1135 1978 esse.
1163 1955 1208 1967 -
1248 1914 1303 1980 Nc·
1344 1903 1345 1912 ¹

221 2044 286 2110 quc
316 2029 423 2084 tamen
456 2012 612 2080 credibile
644 2023 694 2078 est
724 2013 765 2078 ab
795 2012 879 2102 ipsis
904 2012 1037 2080 Boeotis
1063 2025 1097 2082 et
1123 2014 1303 2098 Thessalis,

221 2145 303 2210 quac
323 2117 481 2184 nonnulla
504 2113 623 2181 similia
654 2113 791 2190 babent,
827 2113 987 2180 vocalium
1014 2117 1303 2204 pronuntiationem

220 2222 257 2288 in
288 2216 541 2284 recentissimam
569 2214 711 2280 omniurn
742 2215 938 2280 Graecorum
968 2217 1114 2305 linguam
1155 2229 1305 2286 transma«

220 2342 327 2388 nasse.
373 2317 439 2382 Sed
461 2340 542 2406 quae
563 2315 657 2406 prius
676 2315 760 2402 apud
781 2315 858 2382 illos
879 2330 1068 2403 regnaverat
1084 2319 1222 2386 vocales
1241 2345 1304 2410 pro·
1344 2317 1345 2371 l

217 2419 347 2488 ferendi
374 2419 475 2497 ratio,
507 2416 678 2508 paullatim¹
704 2416 790 2506 apud
810 2417 955 2506 reliquos
976 2403 1119 2486 Graecos
1141 2445 1214 2488 uon
1243 2423 1305 2490 imi·

218 2527 361 2608 tatione,
399 2520 458 2587 sed
477 2519 668 2586 necessitate
689 2517 825 2607 quadam
852 2519 991 2586 naturali
1019 2520 1202 2589 invaluisse
1225 2525 1305 2592 vide-

218 2639 283 2694 tur.
321 2625 379 2719 ⁸De
402 2649 466 2716 qua
487 2647 523 2688 re
543 2637 630 2686 manc
650 2619 749 2714 verbo
769 2605 941 2686 monuisse'
955 2614 1103 2690 sufficiat.

393 2954 482 3037 lte
506 2948 751 3036 dialecto
777 2949 1118 3040 Thessalico.

580 3185 583 3194 “
677 3193 732 3288 ·§.
761 3201 814 3268 oo.

271 3355 273 3366 “
301 3334 334 3425 1)
366 3339 418 3404 De
438 3337 670 3405 Thessalorum
692 3339 850 3425 dialecto,
881 3364 977 3430 quana
997 3339 1210 3414 Atticinus
1239 3351 1303 3415 bar·

87 3474 90 3488 ·
215 3439 324 3504 baram
340 3440 531 3527 judicarunt
549 3436 630 3528 (vid.
654 3435 685 3528 ᾗ.
700 3437 776 3529 49),
809 3442 1003 3530 paucissima
1022 3458 1191 3535 compertu
1213 3452 1304 3516 habe

214 3563 308 3625 mus3
329 3613 333 3621 ¹
352 3565 458 3631 neque
486 3542 574 3609 enim
600 3543 691 3608 ullus
716 3543 856 3631 scriptor
881 3567 920 3610 ea
950 3569 1030 3612 usus
1056 3571 1130 3612 esse
1162 3551 1303 3632 ridetur,

214 3659 321 3732 neque
346 3644 545 3730 grammatici
572 3667 610 3709 ea
644 3643 716 3733 ipra
748 3643 788 3709 ale
817 3667 913 3711 caasa
945 3645 1011 3711 nisi
1040 3649 1212 3716 rarissime
1240 3677 1304 3718 eam

214 3756 481 3828 commemorant,
523 3770 630 3834 neque
659 3743 890 3834 inscriptiones
919 3747 1054 3836 genuini
1084 3750 1303 3818 Thessalisrni

214 3843 406 3912 documenta
437 3846 593 3933 praebent
625 3847 735 3936 plures
765 3857 860 3934 quam
888 3848 968 3913 dunc
998 3851 1077 3916 satis
1104 3851 1228 3930 breves
1256 3879 1301 3917 nr.
1342 3865 1343 3872 ’

215 3946 298 4012 1766
318 3955 351 4010 et
371 3945 454 4014 1767
468 3951 509 4032 ¹),
531 3972 597 4037 quo
617 3947 772 4014 accedunt
793 3948 943 4048 nonnulli
965 3950 1087 4018 nummi
1101 3951 1302 4022 Thessalici.

226 4088 498 4106 m...

248 4175 276 4242 l)
310 4174 361 4227 Nr.
381 4175 540 4258 rtootpm
559 4175 691 4247 procula
709 4171 1071 4249 Larissae'mtovmnt.
1091 4184 1305 4238 nezanum-
