2712 4820
105 337 108 346 ·
222 285 295 388 las
419 307 476 380 De
502 304 654 380 dialecto
678 303 836 380 Aeolum
862 301 1100 380 Asianorum.

256 511 263 518 ’
304 510 365 601 10)
400 501 617 598 Pardctptum'
642 467 816 576 verliorum
856 507 891 572 in
910 511 967 593 ᾖ.
995 533 1014 576 a
1042 509 1176 598 vulgata
1209 509 1301 576 torm
1342 493 1344 544 l

220 614 369 704 (accentu
392 610 537 700 excepto)
561 635 626 676 non
648 609 806 694 discedit,
836 621 873 674 ut
891 613 989 685 νὶθεις
1009 609 1085 676 Alc.
1107 610 1163 678 27.
1230 612 1300 676 Eam

220 719 377 784 rationem
405 715 501 780 etiam
521 714 619 780 verba
639 714 738 802 vulgo
750 755 755 772 ι
768 721 931 778 contracta
957 723 1139 802 sequuntur
1167 714 1300 778 testibus

222 816 439 910 grammaticis
460 821 522 900 ¹⁷),
545 816 603 905 qui
623 813 760 883 Aeolica
782 813 894 879 dicunt
917 815 1028 898 φίλοις,
1049 811 1145 892 adasa,
1170 814 1299 898 φρόνεις,
1344 789 1345 838 l

220 923 337 998 ποίεις,
360 942 378 985 e
399 917 506 1008 potitis
527 915 675 982 Aeolicis
698 917 835 980 afferunt
857 916 950 990 οἴνοις
970 916 1015 981 A.
1039 915 1091 1000 58,
1115 916 1246 1000 ἐφόρεις
1263 917 1299 981 A.

221 1023 284 1105 70,
305 1021 404 1102 μέδεις
425 1020 470 1086 A.
494 1021 534 1105 23
567 1019 654 1084 idem
675 1015 797 1106 legitur
814 1039 836 1082 e
858 1017 945 1104 conj.
968 1042 1027 1107 pro
1048 1017 1165 1100 μεδεέις
1182 1017 1233 1082 Α.
1256 1019 1299 1100 tt,

220 1147 326 1212 acque
347 1123 457 1190 minus
481 1123 564 1207 ὁρεὶς
590 1121 626 1186 in
646 1119 766 1186 Pittaci
794 1117 953 1208 epistola,¹
981 1117 1092 1205 φόροις
1119 1143 1138 1184 a
1161 1119 1199 1185 S.
1223 1121 1264 1186 45
1288 1145 1302 1184 c
1345 1151 1346 1200 ι

222 1225 345 1314 duplici
365 1223 505 1289 lectione
528 1223 632 1305 φέρων
654 1231 686 1286 ct
708 1221 813 1304 φέρεις
834 1222 1058 1304 excussimus3
1093 1221 1216 1288 deinde
1238 1233 1303 1288 stant

220 1327 257 1393 in
279 1325 373 1392 Cum.
396 1325 437 1391 13
467 1326 597 1409 στοιῗχεις
618 1334 650 1388 ct
669 1323 876 1406 ποοςμέτρεις.
900 1363 943 1374 -
985 1323 1025 1386 ln
1046 1323 1193 1410 genitivo
1217 1327 1302 1407 φίλοις

222 1452 357 1495 sonasse
380 1429 532 1510 φίλεντος,
563 1435 819 1490 consentaneum
841 1433 911 1504 est,
940 1432 972 1488 et
991 1434 1128 1490 testatur
1149 1425 1251 1492 Plsilo
1271 1427 1302 1490 dc

223 1530 361 1598 Aeolico
382 1529 528 1592 ποιὲντονι
548 1527 615 1609 ¹⁷)3
645 1525 783 1592 Aeolica
809 1535 973 1615 praetcrea
1001 1525 1129 1592 videtur
1150 1527 1302 1616 llesyclsii

223 1634 335 1721 glossa
358 1627 536 1705 ἀπολέοντες,
560 1626 736 1708 ἀμελοῦντες
758 1627 816 1708 (ci.
842 1625 984 1703 ἀπολεῖν,
1014 1625 1143 1708 ἀμελεῖν)
1167 1629 1221 1694 ab·
1235 1629 1303 1694 cind-
1346 1695 1347 1722 p

222 1742 295 1813 λημι
324 1755 383 1819 pro
416 1731 537 1794 ἁπαλέοι
570 1729 610 1794 ab
638 1727 776 1794 Aeolico
813 1728 942 1804 ἄπολις.
1016 1729 1111 1794 Nunc
1136 1741 1247 1797 tamen
1275 1732 1302 1796 in

223 1841 389 1924 poitur-um
417 1832 568 1920 reliquiis
595 1831 674 1898 libri
702 1855 862 1918 nusquam
885 1830 1058 1919 genuinam
1085 1831 1225 1896 sormam
1247 1857 1302 1898 scr·

223 1947 351 2002 verunt.
395 1933 495 2024 Apud
517 1932 636 2022 Sapph.
660 1933 693 2016 1,
717 1933 755 1998 11
779 1932 912 2022 plurimi
932 1931 1010 1998 libri
1033 1934 1167 2009 δινῆννες
1186 1945 1302 2010 teuent,

225 2037 283 2104 alii
310 2041 476 2118 δινοῦντος,
506 2037 648 2108 deodatae.
713 2034 801 2102 lllud
829 2033 907 2100 satis
935 2033 1102 2122 antiquum
1124 2033 1256 2101 videtur
1278 2048 1304 2102 ct

225 2138 282 2220 iis,
306 2139 372 2203 nisi
392 2138 502 2218 fallor,
526 2135 743 2223 grammaticis
760 2135 906 2210 debetur,
930 2132 988 2225 qui
1009 2141 1108 2212 sinon
1127 2149 1305 2226 correptum

226 2239 262 2302 in
294 2239 346 2302 luis
374 2236 484 2302 verbis
504 2237 667 2302 Aeolibus
698 2236 864 2326 proprium
885 2237 1053 2325 putabant.
1083 2237 1149 2302 vid.
1182 2264 1235 2304 nr.
1259 2243 1303 2307 11.

224 2339 272 2402 At
292 2359 358 2402 non
386 2337 496 2402 minus
517 2338 603 2426 apud
623 2337 754 2424 Aeoles
769 2361 864 2426 quam
885 2337 971 2425 apud
997 2338 1143 2427 reliquos
1168 2339 1306 2408 Graecos

224 2440 341 2527 longas
361 2438 490 2504 vocales
510 2439 545 2502 in
567 2439 619 2504 his
641 2438 754 2504 formis
775 2439 894 2527 corripi
916 2435 973 2526 (cl.
997 2439 1141 2507 diemde
1163 2445 1253 2531 conj.
1274 2446 1305 2510 in

225 2540 260 2626 Ῑιῖ
285 2564 316 2629 p.
340 2540 400 2628 10)
423 2550 456 2606 ct
476 2540 623 2629 exempla
645 2563 742 2628 supra
762 2541 856 2606 allata
879 2543 1025 2608 indicant
1047 2554 1079 2618 et
1099 2543 1305 2633 imperativus
1348 2523 1349 2570 l

225 2642 429 2727 aucdypamoo
455 2667 474 2706 a
502 2641 675 2726 νανάγρημι
701 2635 754 2728 (ὅ.
776 2643 838 2725 24,
858 2640 899 2729 7)
929 2645 963 2707 in
992 2643 1094 2710 Lesb.
1117 2647 1225 2732 2166,
1253 2649 1303 2732 103

225 2745 312 2810 unde
337 2744 423 2809 haud
444 2752 631 2812 cunctanter
653 2744 777 2818 διἰενιες
804 2745 1017 2812 restituimus.
1081 2748 1214 2814 Deinde
1236 2773 1305 2814 con·

224 2857 324 2910 tracto
356 2847 457 2911 forma
487 2848 670 2930 μοχθεῢντες
701 2846 787 2934 apud
807 2846 964 2910 Alcaeum
986 2847 1027 2912 10
1056 2847 1092 2912 in
1122 2847 1305 2916 Heraclidis

223 2947 319 3011 libris
343 2958 411 3029 est,
448 2947 505 3010 ubi
527 2945 731 3011 Cocondrius
752 2947 908 3029 μογέοντες
936 2947 1052 3033 lsalset3
1089 2949 1210 3018 deinde
1232 2979 1305 3039 μαρ-

223 3051 384 3129 νυρεῦντοές
405 3049 480 3112 Alc.
503 3047 544 3112 95
574 3071 614 3112 cx
634 3047 689 3111 Et.
713 3045 783 3131 M.;
812 3047 951 3134 denique
971 3049 1047 3114 Alc.
1072 3048 1091 3115 5
1120 3053 1306 3128 ἐπαινέοντες

227 3143 380 3236 (quatuor
415 3143 624 3234 syllabarum)
649 3145 694 3212 'et
722 3147 757 3210 in
784 3147 975 3215 Aristotelis
1010 3163 1042 3216 et
1077 3151 1121 3214 inv
1139 3153 1305 3220 Plutarchi

185 3265 186 3274 ¹
224 3248 321 3314 libris
342 3247 469 3334 legitur.
513 3249 559 3312 At
579 3249 804 3336 reputantibus
825 3249 934 3332 nobis,
957 3276 1058 3340 quam
1073 3252 1169 3318 facile
1192 3255 1305 3321 ohscu-

224 3347 328 3414 riorcs
351 3349 470 3412 formae
491 3347 673 3432 μόχθεντες,
704 3351 870 3423 inclusores
890 3351 925 3414 in
946 3351 1089 3418 notiores
1110 3361 1304 3438 propitatione,

225 3449 411 3524 ἐπαινέοντες
425 3449 513 3514 abire
535 3451 709 3538 potuerint,
733 3450 809 3514 dum
830 3455 1107 3544 ntmquampquia
1127 3458 1191 3522 lroc
1213 3482 1306 3549 aegra

223 3731 313 3808 μέδεις
331 3735 389 3792 vid.
407 3739 503 3807 Apoll.
523 3739 557 3792 de
575 3749 647 3810 synt.
666 3756 693 3808 p.
712 3743 745 3796 92
763 3744 834 3806 (not.
855 3743 897 3801 l).
916 3769 949 3782 -
984 3740 1120 3795 Addimus
1138 3742 1186 3797 hic
1202 3746 1251 3802 Et.
1269 3748 1304 3800 Μ.

224 3825 292 3888 377,
312 3825 353 3879 19.
379 3822 482 3892 ε’ῤῥεντὶ
498 3820 573 3893 nupti
591 3821 709 3894 Ἀλκαίῳ
727 3821 783 3879 aino*
805 3823 854 3880 soii
870 3827 938 3896 ἕῤῥοι
954 3821 984 3894 ἢ
1000 3825 1071 3896 ε’ρῤοἶ
1087 3823 1307 3902 περιοπονμένοιῖ·

224 3904 358 3979 ἤμεεοχῆ
376 3908 460 3980 lpidam
476 3908 611 3980 ε’ῤῥένεον·
645 3919 690 3966 aaut
707 3907 834 3980 danapri
850 3911 882 3964 ad
906 3911 1049 3978 ἐθέλοντος
1072 3911 1210 3983 ἐθελοντὶ,
1239 3915 1305 3973 cliro

160 3993 162 4004 ⁴
222 4001 268 4048 set
294 3991 370 4064 nupsi
394 3993 428 4052 ad
452 3999 572 4070 ἒρῥέννος
594 3997 727 4069 ε’(ἲριντί.Ι
754 3997 900 4054 Derivatio
928 3998 963 4052 ab
985 3997 1068 4068 ἰῤῥὲοι
1094 4017 1160 4054 vera
1187 4004 1306 4070 videtur,

218 4095 300 4146 qnam
322 4084 439 4138 sormam
463 4086 616 4156 praesentis
637 4085 742 4142 iudicat
763 4085 846 4142 etiam
867 4085 988 4140 futurum
1003 4082 1123 4156 ν’ῤῥήνοι,
1150 4103 1306 4158 quanquam

214 4179 288 4225 nunc
305 4166 460 4236 ignoratur.
