2748 4832
199 285 251 360 Vl

201 505 265 572 qua
291 481 397 548 studia
417 505 487 548 msa
511 483 659 572 privatim
681 483 851 572 adjnrlsti,
888 508 955 549 non
983 483 1074 572 potui
1100 483 1180 548 milri
1200 494 1279 548 tem-

200 640 330 706 perare,
361 619 440 708 quin
460 621 656 686 reverentiae
677 645 765 704 meae
787 607 881 720 atque
903 621 1031 711 pietatis
1053 622 1281 687 documentum

200 721 262 822 lroc
282 755 381 820 Tibi
403 755 600 846 dedicarem,
630 757 727 823 simol
748 757 970 848 quaesiturus,
1000 781 1078 822 num
1099 760 1181 822 hanc
1203 758 1283 822 alte·
1368 850 1369 856 ἵ

200 915 269 957 ram
301 891 454 981 Corporis
493 893 572 957 Tui
607 893 795 984 progeniem
833 893 1069 983 suscipiendam
1103 894 1282 980 judicares.

185 1000 315 1118 [Neque
341 1027 475 1118 despero
502 1031 590 1114 lore,
625 1039 662 1094 nt
687 1031 854 1118 sanguinis
883 1031 1021 1120 quodam
1049 1055 1155 1096 amore
1176 1031 1285 1098 rictus

200 1166 352 1252 filiolam,
386 1144 539 1256 pulchrae
566 1167 659 1234 matri
679 1167 735 1230 vix
763 1169 1025 1255 comparandam,
1061 1169 1147 1234 nolis
1174 1194 1285 1260 asper·

200 1299 282 1364 nari.
346 1300 452 1365 Pauca
480 1310 584 1363 tamen
604 1299 798 1388 praefando,
835 1324 918 1389 quae
937 1302 1031 1390 plura
1051 1319 1178 1390 essent,
1216 1297 1285 1372 nisi

200 1436 424 1504 molestissima
453 1413 580 1502 dextrae
609 1437 758 1502 debilitas
787 1461 828 1503 ex
853 1439 977 1528 aliquot
1006 1441 1173 1506 mensibus
1202 1441 1284 1506 scri·
1371 1428 1374 1491 l

200 1573 300 1640 bandi
327 1573 468 1638 laborem
489 1597 590 1662 paene
611 1575 845 1642 intolerabilem
865 1578 1021 1661 efficeret,
1052 1577 1185 1646 infantis
1207 1601 1285 1643 cau-

201 1734 268 1777 sum
289 1733 384 1800 agere
403 1711 490 1776 haud
511 1712 652 1777 alienum
672 1713 809 1781 videtur.

287 1847 426 1936 Operam
446 1847 482 1912 in
508 1849 568 1913 hac
588 1849 791 1938 potissimum
813 1851 1012 1942 antiquitatis
1037 1863 1126 1942 parte
1147 1813 1288 1918 colloca·

1367 687 1370 776 l

1369 1132 1372 1187 2

1369 1192 1373 1292 l

200 1995 264 2051 tam
286 1984 341 2050 vix
360 2008 442 2074 opus
457 1997 514 2080 est
532 2010 698 2054 excusare.
762 1990 883 2056 Mirum
911 1991 998 2056 enim
1027 1991 1135 2080 potius
1157 1989 1288 2056 videtur
1370 1993 1371 1996 ’

200 2134 234 2188 et
261 2147 363 2209 paene
391 2123 600 2208 incredibile,
633 2125 684 2188 liis
711 2127 845 2214 triginta
871 2127 983 2206 annis,
1014 2094 1132 2216 qulbus
1159 2137 1287 2192 tantum

201 2260 300 2326 studii
321 2273 353 2326 et
373 2259 497 2346 laboris
515 2260 550 2324 in
570 2247 776 2358 linguarum,
806 2287 866 2328 nec
888 2259 1020 2329 minime
1042 2265 1203 2348 Graecae,
1233 2265 1286 2328 in-

202 2393 277 2462 dole
297 2393 521 2482 cognoscenda
548 2419 621 2461 cnm
649 2397 810 2462 uberrimo
838 2400 945 2464 fructu
967 2410 1193 2487 consumptum
1221 2413 1285 2486 est,

203 2534 363 2601 neminem
386 2531 563 2611 exstitisse,
597 2533 654 2622 qui
681 2546 754 2623 post
774 2533 940 2600 Maittairii
961 2559 1042 2626 opus,
1064 2535 1187 2601 Sturzii
1208 2559 1287 2602 cura

201 2671 348 2736 iteratum
376 2669 563 2759 ,universam
596 2670 636 2735 de
664 2669 798 2736 Graecis
835 2640 979 2738 dialectis
1017 2672 1195 2740 doctrinam
1234 2697 1286 2738 rc·

202 2820 337 2874 uaetare
360 2804 556 2894 dignaretur.
601 2787 716 2896 Neque
738 2807 825 2880 enim
849 2808 899 2875 illi
919 2807 963 2874 ita
983 2833 1050 2875 rem
1073 2821 1223 2900 egerant,
1249 2822 1287 2874 ut

205 2967 262 3010 sua
283 2954 384 3008 aetate
404 2968 519 3033 magna
539 2944 635 3010 laude
657 2943 750 3032 digni
770 2957 895 3027 essent,
927 2939 1055 3033 neque,
1083 2944 1207 3010 etiamsi
1224 2967 1286 3010 sex

204 3078 322 3144 abhinc
342 3074 476 3178 lustris,
499 3075 582 3163 quae
602 3074 835 3157 exhibuerunt,
857 3075 1007 3140 omnibns
1028 3076 1171 3142 numeris
1192 3075 1284 3142 ahso-

179 3169 273 3284 ⁸luta
286 3216 356 3283 visa
377 3225 498 3296 essent,
520 3211 576 3278 diu
596 3210 781 3277 hominibus
800 3211 982 3277 satisfacere
1001 3225 1160 3302 poterant,
1183 3237 1284 3304 quum

205 3343 394 3447 grauissima
420 3349 519 3416 multa
547 3349 824 3457 grammaticorum
853 3344 971 3438 scripta
998 3362 1109 3440 postea
1135 3361 1190 3416 ant
1217 3352 1285 3440 pri·

86 3546 88 3560 .
204 3515 294 3558 mum
315 3501 369 3555 aut
389 3471 604 3553 emendatiora
623 3486 659 3552 in
679 3487 785 3552 lucem
806 3485 914 3570 edita,
945 3487 1091 3577 plerique
1112 3489 1286 3576 scriptores

205 3626 323 3693 Graeci
344 3623 524 3690 accuratius
544 3624 713 3708 recensiti,
742 3623 989 3713 inscriptionum
1008 3627 1176 3690 thesaurus
1198 3624 1285 3691 Tua

208 3737 306 3852 opera
337 3760 465 3827 undem
492 3759 656 3852 reclusus,
700 3760 801 3825 multa
833 3759 872 3826 da
902 3759 1040 3846 singulis
1069 3759 1226 3849 sagaciter
1253 3773 1287 3826 et

208 3899 301 3966 docte
323 3893 504 3984 disquisita,
525 3893 665 3980 denique
686 3892 868 3980 linguarum
884 3891 970 3992 ¹ratio
991 3879 1123 3958 omniu'o
1145 3890 1285 3986 penitius

205 4033 353 4123 adgnita,
376 4054 492 4122 novam
513 4028 589 4095 huie
609 4027 691 4117 parti
712 4027 972 4120 operamnavari
989 4027 1151 4114 juberent.
1214 4025 1282 4092 Ne-
