2712 4820
367 325 487 422 §.aa
537 281 757 424 nesporo.
1031 325 1107 408 169

39 550 156 608 osores,
189 553 261 596 eum
289 529 469 618 addebant,
501 541 537 596 ut
563 527 638 610 ἱῶν,
673 531 702 597 si
722 529 900 621 Apollonio
929 529 1105 614 eredimua,'

38 633 249 719 ‘Ayoloorrlpor
276 633 319 698 el.
343 631 442 700 Giese
463 632 502 698 (le
524 631 600 696 dial.
623 631 719 696 Aeol.
742 655 776 724 p.
798 632 881 717 4173
918 655 1022 722 neque
1049 632 1108 717 ὕψι

38 731 115 818 apud
134 731 273 797 Lesbios
300 755 448 822 asperum
476 730 630 821 hahebat,
661 743 735 820 aut,
768 732 797 802 ai
823 744 910 800 recte
931 733 1105 825 disputavi·

38 827 277 919 mua§.4,9‚
300 839 404 907 ἵππος.
443 859 446 864 “
1172 915 1179 920 ¹

115 929 316 1002 Contrarium
341 933 468 998 videtur
501 933 632 1002 unicum
659 932 822 1000 Corinnae
852 933 1035 1025 exemplum
1062 938 1104 1002 lr.

38 1033 75 1115 4,
102 1029 157 1096 ἀπ’
179 1036 249 1109 ioue
270 1056 309 1098 ex
329 1033 443 1122 Apoll.
466 1031 506 1098 de
526 1059 619 1123 pron.
642 1059 678 1124 p.
699 1035 758 1118 98,
786 1034 861 1118 uhi,
890 1061 988 1126 quum
1010 1037 1106 1103 leutio

40 1143 118 1197 eerta
137 1127 300 1212 videatur,
323 1157 417 1224 asper
438 1133 542 1224 ipsius
564 1133 732 1224 Apollonii
753 1136 878 1222 regula,
899 1161 994 1225 quam
1015 1149 1107 1203 antea

40 1233 215 1318 attulimus,
237 1234 438 1324 postuletur,
458 1237 565 1300 tenuis
587 1235 699 1300 eodem
720 1235 815 1301 morlo
836 1235 948 1301 relicta
968 1237 1107 1322 videtur,

41 1356 98 1422 quo
118 1359 211 1425 saepe
231 1335 267 1400 in
287 1335 417 1402 Dorieis
438 1336 647 1426 scriptor-ilaus
667 1347 748 1402 teste
761 1336 938 1427 Apollonio
960 1338 1000 1403 de
1020 1350 1107 1426 synt.

40 1458 70 1521 p.
92 1434 170 1516 335,
202 1435 310 1524 qualia
337 1433 488 1523 leguntur
515 1437 609 1502 etiam
636 1438 672 1503 in
698 1437 801 1502 titulis
829 1435 977 1518 Dorieis,
1013 1447 1046 1504 ut
1073 1438 1109 1505 in

41 1533 300 1616 ’11]οηοο2448,
324 1537 384 1615 IV,
407 1539 446 1603 11
469 1535 519 1601 ἔπ’
542 1539 675 1628 ἁμέρας,
698 1539 734 1603 in
754 1536 997 1620 111101102525,
1019 1537 1040 1603 1)
1064 1537 1109 1602 ἐπ’

41 1637 155 1721 ἱερέως,
178 1637 215 1702 in
237 1636 405 1726 Calymnio
425 1639 507 1706 2671
529 1637 595 1721 μετ’
619 1641 774 1722 ὁμονοίας.

116 1736 218 1802 Lenis
255 1749 418 1827 praeterea
446 1763 504 1827 pro
532 1751 644 1830 aspero
672 1739 773 1804 scribi
802 1737 886 1804 solet
916 1739 950 1804 in
976 1740 1110 1806 vocibus

42 1833 196 1902 Boeotieis
207 1887 219 1916 ‚
241 1862 322 1927 qnae
343 1841 362 1903 ὑ
382 1839 505 1905 initiale
527 1839 561 1904 in
583 1866 620 1904 ου
638 1851 800 1905 mutarunt
826 1835 878 1926 (§.
903 1841 963 1917 38,
987 1839 1045 1918 5),
1075 1849 1112 1904 ut

43 1935 125 2018 οὗμὲς
152 1938 229 2005 Cor.
262 1941 302 2019 9,
337 1939 448 2023 oriolum
477 1938 556 2031 Cor}
584 1943 644 2020 ll,
679 1941 770 2023 οὑμοὶ
803 1940 888 2029 apud
914 1941 1112 2026 Hesychium

43 2038 158 2126 (eontra
186 2042 275 2123 οὑμῖν
296 2041 386 2110 Anu.
410 2042 473 2107 Ox.
497 2041 636 2123 Ι,146,
660 2041 732 2124 15),
769 2039 988 2128 OriplorJCor.
1011 2039 1032 2103 6
1052 2063 1111 2127 pro

43 2137 165 2226 Ὑρίας,
200 2139 332 2228 Οὖριεύς
354 2141 476 2206 Scholl.
500 2143 574 2208 Nic.
597 2135 697 2206 Ther.
720 2141 762 2206 15
780 2165 839 2230 pro
863 2138 1003 2227 Ὑριεὺς,
1038 2139 1111 2218 οὔλη

35 2250 71 2303 ot
90 2241 188 2329 οὕὸωρ
213 2242 376 2307 Heraclid.
400 2267 452 2332 ap.
476 2243 569 2309 Eust.
592 2243 646 2325 23,
667 2243 710 2309 28
730 2255 762 2306 et
781 2242 876 2306 Hort.
898 2240 964 2305 Ad.
989 2242 1013 2305 l'.
1035 2238 1112 2307 205.

42 2338 147 2430 Neque
167 2341 285 2408 mirum
306 2355 402 2421 esset,
425 2345 455 2410 si
474 2343 508 2408 in
529 2344 580 2408 lais
601 2343 705 2410 vocali
719 2354 843 2419 ¹mutato
864 2343 958 2408 etiarn
980 2341 1112 2432 spiritus

43 2453 228 2522 mutaretur,
268 2445 344 2540 quia
370 2447 389 2511 ὗ
415 2445 580 2538 proprium
602 2445 676 2508 sihi·
691 2445 831 2532 postulat
851 2467 1016 2532 asperum,
1056 2441 1114 2530 qui

43 2543 209 2632 antiquiori
231 2569 329 2625 sono,
359 2547 485 2633 qualem
507 2544 657 2636 exprimit
677 2544 864 2609 Boeotioum
887 2547 921 2607 ὀῦ
931 2593 942 2622 ,
971 2567 1036 2607 non
1057 2567 1113 2608 ne·

44 2645 193 2710 oassarius
217 2659 287 2710 estu
337 2646 451 2734 Neque
478 2655 583 2710 tumen
603 2648 664 2710 lroe
694 2647 729 2709 οὗ
748 2645 866 2732 ubique
887 2645 993 2708 lenern
1014 2643 1114 2706 lrabu·

43 2742 126 2829 isse,
168 2747 446 2834 grammaticorum
485 2745 579 2812 libris
618 2746 805 2828 medimna,
850 2754 882 2808 et
927 2742 1112 2809 πεντήκονθ’

46 2849 186 2930 aaronitae
208 2847 284 2914 Cor.
307 2849 329 2915 7
350 2847 468 2912 eertIus
490 2846 596 2936 asperi
616 2846 770 2910 indicium
791 2845 1113 2937 habet,'quanqrram
1137 2835 1139 2846 ⁴

44 2944 76 3010 in
101 2951 159 3014 hae
180 2972 260 3014 voce
281 2947 410 3012 faoilius
437 2948 543 3012 lenem
572 2947 739 3020 ferremus.
772 2948 814 3013 cl.
844 2940 875 3033 ἓ.
898 2947 941 3035 4,
964 2947 995 3016 5.
1046 2945 1114 3016 Res

45 3071 104 3123 non
123 3053 230 3146 potest
249 3049 290 3118 ad
309 3047 468 3144 liquidum
487 3047 632 3142 perduoi.

543 3333 552 3350 .
580 3285 633 3352 35.
693 3318 696 3324 =

436 3425 497 3476 lle
519 3279 718 3488 {ignum-

124 3549 164 3630 l)
192 3547 331 3611 Boeotos
349 3523 656 3633 quoquedigainnra
678 3566 754 3608 usos
776 3566 847 3608 esso
867 3555 899 3608 et
921 3540 1118 3630 grammatici

46 3648 157 3713 {locent
176 3647 257 3725 (vid.
279 3640 309 3732 ἓ
334 3646 353 3710 5
374 3655 441 3709 not.
464 3647 498 3724 2)
520 3657 552 3708 et
572 3643 668 3708 tituli.
732 3643 778 3707 Hi
810 3643 949 3732 primurn
970 3657 1042 3710 ante
1063 3669 1119 3710 vo-

46 3751 127 3814 cales
148 3747 289 3817 initiales
311 3745 469 3834 digamma
500 3746 654 3834 praebent
674 3744 709 3814 iu
730 3743 781 3808 his
801 3745 953 3831 vatibus,
985 3749 1120 3836 quartam

45 3849 148 3936 minus
168 3857 271 3912 certas
293 3846 444 3913 asterisco
466 3856 630 3916 notamus:

124 3971 136 3996 ⁶
167 3935 320 4036 Flauo
352 3963 396 4030 N.
425 3964 464 4032 Ρ.
496 3962 578 4032 1574
609 3985 627 4027 ο
654 3963 836 4049 conjectura
868 3962 1024 4033 Boeelrloii
1061 3983 1121 4054 pro

46 4073 1119 4260 'illinereturu.r.15740reju⁵l⁰¹¹1⁰⁰¹¹i·rr⁰s“⁷“i‘'⁰’⁹·
