2748 4832
447 219 481 316 δ’.
506 225 561 347 4(
595 167 651 310 Dc
676 219 813 322 spiritu.
1122 221 1172 299 23

82 435 168 491 vata.
216 427 264 490 lta
285 423 566 514 grammaticusln
589 427 678 492 Anu.
703 427 767 492 Ox.
790 425 819 512 I,
843 426 914 506 325,
938 429 976 493 ‘dl
1000 436 1170 518 postquam

82 527 172 615 apud
180 527 306 593 Aeoles
320 526 463 616 liquidas
477 539 509 592 et
521 529 560 610 ἱ,
582 552 649 593 non
665 529 708 592 ita
722 541 844 595 ceteras
861 540 1089 611 consonantes,
1113 525 1169 591 du·

83 627 203 716 plicari
216 628 339 711 docuit,
350 629 475 717 pergite
499 627 553 693 ἐὰν
566 621 618 696 οὖν
633 634 734 714 ἕτερον
748 629 1049 714 διπλασιαομδιπαο’
1066 627 1170 700 αὐτοῖς

84 728 199 845 alippa,
223 733 265 811 τῷ
284 755 376 810 κοινῳ
397 730 588 815 ἐχρήσαντο,
611 735 664 794 καὶ
687 730 742 796 οὐκ
765 734 849 807 ἰδίως
872 729 1063 808 incloacari.
1086 751 1115 792 c.
1140 730 1170 790 ἕο

83 831 153 904 ταῖς
183 831 278 905 ἰδίαις
298 832 412 906 λέξεσιν
434 831 470 898 οὗ
492 831 727 908 διπλασιάζουσι
757 832 796 896 cal
824 834 899 898 oilla
922 831 1074 915 clippeum
1093 827 1171 906 πλὴν
1289 903 1291 908 Ι

83 934 146 1004 τῶν
167 929 363 1020 ἀμεταβόλων
385 937 438 997 ael
458 933 554 1002 τοῦῐ.
601 933 676 999 Νοιι
698 933 791 997 aliter
812 919 897 1022 apud
918 934 1040 999 Aeolus
1058 953 1171 996 omues

82 1056 182 1098 voees
217 1034 285 1100 leni
316 1034 513 1118 instructas,
555 1059 654 1123 quum
685 1035 785 1121 vulgo
816 1058 966 1122 asperum
1001 1034 1171 1114 haberent,

83 1133 242 1200 Aeolicae
264 1135 401 1200 dialecto
421 1137 569 1224 proprias
588 1139 694 1216 (idlae
715 1138 754 1198 le
748 1137 828 1216 ξεις)
845 1133 1014 1250 judicare,
1047 1143 1169 1215 contra,

85 1235 115 1300 si
142 1259 208 1323 qna
235 1259 385 1323 asperum
405 1238 571 1326 vulgarem
597 1237 770 1336 tenebant,
810 1257 1012 1300 econamum
1039 1258 1101 1298 usu
1121 1257 1169 1298 rc·

84 1347 194 1425 petere
215 1349 373 1426 poterant.
438 1339 482 1403 Et
503 1317 674 1424 adjuvaibat
704 1339 787 1402 banc
809 1338 999 1426 opinionem
1018 1336 1172 1416 sortasse,
1260 1415 1261 1420 η

85 1437 173 1526 quod
195 1440 315 1504 multae
335 1439 523 1506 notissimae
544 1463 639 1506 voces
662 1439 835 1522 Aeolicae,
867 1463 950 1528 quae
976 1438 1083 1502 leuem
1110 1457 1169 1524 pre

84 1562 200 1626 aspero
229 1542 410 1624 balicbant,
449 1542 546 1606 simul
567 1542 662 1605 aliam
683 1539 891 1606 mutationem
913 1517 1075 1605 Aeolibus
1095 1559 1168 1624 pro-

84 1639 186 1726 priam
214 1665 329 1728 passae
358 1652 469 1723 crant,
507 1653 539 1707 ut
565 1630 686 1723 dume,
724 1643 835 1724 ὔμμες,
873 1642 950 1724 ἔμμα
981 1664 1039 1730 pro
1068 1640 1166 1719 ἡμεῖς,

84 1741 188 1821 ὑμεῖς,
225 1743 306 1830 εἷμαι
370 1743 507 1831 Neque,
548 1744 575 1808 si
605 1767 669 1834 qua
697 1765 760 1809 vox
787 1766 996 1830 asperonou
1018 1740 1167 1821 Aeolica,

83 1841 157 1906 aliis
179 1843 413 1909 mutationibus
436 1845 571 1910 Aeolica
593 1843 777 1926 videretur,
801 1843 834 1908 id
856 1843 1080 1932 grammaticos
1101 1852 1167 1905 tur·

82 1943 158 2007 bare
186 1955 330 2030 poterat,
364 1946 421 2034 qui
449 1947 537 2011 linird
563 1969 634 2010 raro
662 1945 793 2008 nrixtam
822 1945 856 2007 in
883 1969 947 2008 uua
968 1965 1047 2009 voce
1068 1965 1167 2028 agno·

83 2055 211 2110 scereut
222 2046 394 2111 dialectum
410 2053 454 2122 ⁷).
498 2044 662 2112 Jamvcro
683 2069 749 2110 uon
770 2047 857 2123 latet,
882 2070 979 2133 quam
999 2043 1095 2108 facilc
1116 2064 1167 2105 ac·

81 2147 223 2212 curatior
249 2151 362 2237 regula
393 2149 503 2214 minus
535 2156 680 2212 accurate
708 2147 752 2211 ita
782 2147 983 2234 pronuntiari
1012 2141 1166 2232 potuerit,

81 2257 116 2310 ut
136 2245 258 2312 Aeoles
280 2249 402 2338 ubique
424 2273 572 2338 asperum
595 2250 708 2338 lugere
731 2250 932 2332 dicerentur,
965 2247 1042 2336 quia
1063 2245 1167 2310 aliena

80 2348 122 2420 ab
142 2348 304 2416 Aeolibus
326 2361 358 2416 ct
385 2351 515 2416 aliunde
544 2351 669 2417 intrusa
695 2351 869 2437 putabant,
912 2373 995 2437 qnae
1018 2371 1168 2435 asperum

79 2450 253 2516 lrabcbant.
300 2450 493 2541 Quanquam
513 2452 688 2540 plerosque
708 2453 932 2541 grammaticos
947 2473 1013 2516 uon
1032 2449 1166 2514 arctiore

80 2556 142 2617 lioc
164 2577 264 2618 sensu
283 2554 422 2643 psilosiu
437 2553 598 2618 Aeolibus
619 2552 762 2616 tribucre
784 2565 974 2640 persuasum
996 2551 1163 2615 habemns.

80 2657 210 2720 Partem
237 2663 343 2718 tamen
381 2654 661 2744 grammaticorum
681 2653 857 2718 Aeolicam
880 2649 1021 2742 psilosin
1042 2652 1167 2717 finibus
1281 2669 1282 2672 ’

79 2756 275 2847 quibusdam
297 2755 616 2842 circumscripsisse,
638 2753 807 2843 probabile
830 2762 891 2816 cst.

163 2859 203 2936 4)
233 2857 272 2921 ln
300 2856 405 2947 titulis
428 2855 576 2920 Aeolicis
606 2865 638 2919 ct
658 2853 869 2918 Aeolicorum
897 2859 1062 2940 poctarum
1086 2853 1164 2922 'rolin

78 2960 168 3050 quiis
189 2959 347 3022 nonnulla
369 2957 597 3045 reperiuntur,
630 2977 713 3043 quae
734 2953 857 3018 Acoles
879 2955 1044 3042 vulgatum
1072 2980 1163 3045 aspc-

78 3085 150 3126 rum
171 3058 206 3123 iu
228 3058 333 3122 lencm
358 3067 500 3121 mutasse
523 3056 667 3137 docent,
690 3055 782 3118 tenui
802 3055 1011 3121 antecedente
1041 3081 1106 3122 non
1127 3059 1163 3122 in

78 3162 248 3251 aspiratam
267 3183 443 3241 conversa,
465 3159 551 3221 baud
572 3181 644 3221 raro
665 3167 771 3221 minen
792 3157 901 3222 tenuis
922 3168 1041 3222 mutata
1056 3160 1163 3246 asperi

78 3261 234 3328 indicium
257 3261 344 3326 lacit.
399 3258 514 3346 Neque
542 3259 621 3322 baec
641 3258 815 3324 recentiori
835 3258 973 3323 dialecto
993 3259 1164 3350 Aeolicac,

80 3365 186 3454 qualis
215 3363 249 3428 in
277 3360 384 3426 titulis
406 3361 628 3448 Lampsaceno
661 3373 693 3424 et
714 3358 855 3426 Cumaea
876 3372 1006 3453 apparet
1034 3359 1163 3439 (name
1208 3451 1212 3458 ,

80 3538 155 3545 *-
175 3539 231 3545 --·--
242 3539 318 3546 ..---..-.
328 3540 359 3546 -.

112 3646 139 3710 7)
174 3641 218 3695 Ita
235 3640 263 3692 in
281 3633 381 3708 δγαοὸι
400 3638 544 3694 Aeolicum
562 3637 678 3692 habetur
695 3638 713 3690 ὅ
731 3635 946 3705 pleonasiicum‚
963 3647 1090 3691 accentus
1107 3653 1162 3692 non

80 3729 225 3793 AeolicuS,
244 3726 288 3778 Et.
307 3722 404 3776 Orion.
423 3727 455 3792 3,
473 3726 505 3790 ὃς
532 3718 684 3778 Ποσιιδᾶον
701 3719 929 3776 Pseudaeolicum
948 3735 1078 3792 vocatur,
1095 3725 1162 3791 quia

79 3811 218 3882 correptio
244 3810 347 3878 vocalis
373 3810 400 3863 in
427 3808 552 3862 vocativo
571 3808 685 3862 Aeolica
710 3809 764 3875 sit,
794 3808 882 3860 forma
899 3808 989 3862 soluta
1004 3805 1163 3863 Ποσειδάων

79 3917 132 3958 non
153 3897 280 3962 Aeolica,
307 3898 379 3950 Αιιιι.
404 3898 459 3950 Ox.
478 3895 537 3960 ΙΙΙ,
555 3895 622 3960 394,
640 3897 673 3968 83
698 3891 823 3960 ουίοιδιι,
850 3894 915 3960 quia
936 3904 1107 3948 accedisset
1132 3897 1162 3946 Ξῖ

80 3987 108 4040 in
132 3987 162 4038 ὂῖ
190 3991 319 4035 muratum
337 3982 453 4060 aeolica
478 3982 666 4044 habebantur,
693 3979 882 4048 diphthongus
906 3990 996 4035 tanen
1021 3979 1161 4036 diaeresin

82 4069 200 4140 patitur,
218 4067 377 4124 Herodiano
395 4080 436 4122 est
452 4063 655 4138 ψιοδαιολικόν,
677 4065 732 4120 vid.
751 4067 772 4134 5.
794 4070 833 4122 18.
853 4076 907 4119 not.
927 4069 952 4119 Ι.
