2710 4820
48 294 81 387 §.
98 260 153 370 42:
204 297 263 383 De
274 296 386 370 vocal.
404 289 639 389 productione
659 286 878 386 suppletoria
894 287 997 364 natis.
1049 288 1124 364 201

50 499 86 563 iu
107 501 192 563 hunc
211 497 340 564 mudum
360 498 600 588 producuntnr=
624 495 762 585 primum
781 507 801 560 ἅ
819 495 917 563 hrcvc
938 495 1127 585 producitm

49 600 86 664 in
113 601 199 663 πᾶσα
220 598 296 664 Cor.
319 600 341 663 4
368 624 426 688 pro
459 623 580 682 πανσα,
611 597 654 662 cf.
695 601 864 664 Πασικλεΐν
896 623 946 662 nr.
970 598 1069 682 1569,
1093 625 1124 682 6,

49 701 239 766 accusativis
266 701 402 788 pluralis
425 700 652 765 declinationis
677 699 821 788 primae,
847 709 891 770 ut
920 698 974 774 τὰς
1006 703 1128 781 cepticos*

48 825 100 865 nr.
120 801 210 885 1569,
227 825 246 866 6
268 797 325 887 (cl.
350 796 468 888 610),
490 811 505 864 Ξ
525 800 715 892 producitur
733 801 768 865 in
789 803 831 885 Ξῖ,
855 826 936 888 quac
958 801 1127 890 diphthon-

51 927 113 993 gus
143 903 316 968 mutatione
338 903 489 967 Boeotico
521 927 561 967 cx
584 897 771 992 'antiquiore
800 913 832 967 et
852 900 974 968 Dorico
1002 910 1024 981 ἦ
1055 916 1129 968 nata

50 1012 122 1087 est,
152 1017 189 1068 nt
211 1005 361 1068 σταθεῖσα
391 1027 449 1090 pro
472 1005 646 1081 σταθένσα,
680 1003 760 1068 Dor.
787 993 950 1086 σταθῆσα,
990 1003 1130 1084 ciperon

51 1103 140 1186 ἔσμεν
158 1103 240 1170 Dor.
263 1097 350 1188 ἦμεν,
371 1105 437 1169 vid.
462 1103 491 1194 ἓ,
509 1105 562 1186 39,
579 1106 618 1188 23
641 1105 780 1194 denique
804 1111 832 1184 ὃ,
856 1107 949 1170 utin
971 1106 1131 1173 strictiore

50 1205 228 1290 Dorismo,
259 1205 447 1294 producitur
479 1205 514 1268 in
537 1207 578 1282 ὦ,
611 1207 692 1269 loica
722 1206 821 1284 1563,
844 1230 880 1288 a,
903 1206 935 1271 b.
970 1230 1010 1270 ex
1039 1209 1131 1272 a’oaoc

51 1308 209 1391 (ἐοῦσα),
241 1308 366 1385 &cluna
395 1307 470 1372 Cor.
494 1307 554 1390 10,
584 1329 650 1372 acc.
683 1307 768 1395 plur.
799 1305 927 1390 icyo'vwc
950 1307 1041 1374 1562.
1076 1311 1130 1394 64,

54 1407 255 1490 σουγγράφως
271 1407 365 1492 1569,
387 1431 417 1492 6,
439 1407 544 1471 Arist.
567 1407 652 1472 Aah.
669 1408 742 1474 840.
766 1406 828 1474 845
849 1407 989 1492 ψιάθως,
1013 1411 1130 1494 ἐχίνως,
1149 1405 1152 1414 ¹

54 1507 237 1591 αἰελούρως,
261 1532 301 1574 cx
322 1508 452 1596 antiqua
473 1507 698 1573 terminatione
715 1507 765 1582 ἶνῖ.
790 1509 857 1574 vid.
881 1506 911 1598 ᾗ.
936 1509 985 1575 10.
1029 1513 1131 1598 Hinc,

17 1646 24 1655 ·
51 1611 109 1692 fit,
147 1619 183 1690 nt
210 1616 235 1672 o]
265 1609 472 1698 provulgari
495 1615 531 1674 ῡῡ
558 1609 593 1672 in
614 1611 732 1676 talibus
752 1601 926 1675 Aeolicum
947 1625 1078 1678 vocetur
1093 1612 1132 1703 ¹).

52 1710 171 1810 Neque!
191 1710 300 1774 minus
321 1709 509 1775 Boeoticum
531 1720 580 1774 cst
599 1710 685 1792 βωλά
707 1709 778 1798 (pro
798 1710 922 1797 βουλή),
946 1716 1033 1801 quod
1048 1716 1136 1782 Aeo.

52 1811 155 1875 licum
175 1810 265 1875 audit
293 1809 379 1900 apud
401 1809 519 1876 Joann.
543 1811 600 1875 Gr.
623 1811 703 1894 236,
725 1836 761 1894 6,
798 1811 893 1876 Leid.
916 1813 997 1898 638,
1026 1817 1133 1883 Vatic.

53 1912 132 1994 689,
154 1911 288 1977 docente
309 1905 759 2000 666166666666Εὔβωλος
780 1936 830 1975 nr.
847 1913 941 1996 1569,
958 1937 994 1997 6,
1016 1917 1136 2005 quippe

54 2013 152 2077 etiam
172 2011 207 2076 in
228 2013 288 2076 hac
310 2035 388 2078 vocc
409 2012 540 2096 longam
559 2012 701 2080 vocalem
722 2011 775 2078 ¹vel
796 2013 1031 2102 diphthongum
1051 2017 1137 2100 ¹cori·

55 2125 190 2180 sonante
230 2113 339 2202 aliqua
383 2112 484 2198 ejecta
523 2122 628 2176 natam
657 2135 751 2194 esse,
791 2112 913 2178 indicat
944 2115 1139 2183 Lesbiacum

54 2213 252 2300 ,361186νὶ61
277 2209 305 2301 ξ.
329 2213 362 2297 8,
384 2213 423 2298 83
445 2236 551 2300 neque
572 2213 714 2278 alienum
734 2225 786 2279 est
805 2214 994 2282 Boeoticnm
1016 2218 1140 2282 Διώνὺ-

56 2341 135 2397 σος,
158 2313 245 2402 qnod
266 2313 387 2402 legitur
411 2312 502 2378 1579.
521 2311 620 2398 1580,
643 2325 675 2380 et
695 2315 771 2382 inde
789 2315 966 2406 Acuro'ococ
986 2320 1139 2385 velAcw-

7 2457 8 2462 κ
54 2415 183 2488 νούσιος
206 2414 299 2496 1569,
321 2438 351 2478 6.
374 2411 467 2478 1573.
491 2413 585 2496 1577,
608 2417 833 2499 Λιωνουσίχιος
854 2418 936 2483 1574
958 2413 1141 2502 (nam'Aco-

55 2517 151 2584 νύσοε
178 2515 213 2580 in
238 2515 420 2604 antiquiore
446 2515 645 2582 1166161599
668 2523 685 2581 ὃ
714 2539 773 2604 pro
795 2523 821 2578 ὦ
841 2541 882 2582 cx
902 2517 1033 2604 antiqua
1062 2521 1141 2585 scri-

54 2629 154 2708 ptura
182 2610 320 2704 lubet),
360 2614 389 2680 si
417 2627 618 2709 comparatur
645 2617 843 2686 Lesbiacnm
876 2617 1039 2696 Ζόν-νυξος.
1075 2619 1139 2687 vid.

54 2717 89 2810 a.
112 2717 153 2801 c,
174 2718 206 2786 8.

510 2887 512 2892 Ι
544 2937 659 3041 §.o

431 3095 491 3146 ne
513 3073 775 3147 contractione·

34 3283 39 3298 .
146 3238 187 3302 In
214 3236 400 3301 universum
428 3231 657 3298 contractionis
682 3257 763 3297 usuc
791 3233 876 3322 apud
897 3233 1037 3300 Boeotos
1066 3237 1145 3304 satis

31 3321 168 3409 marus.
206 3336 452 3401 'Contralmntur
474 3338 509 3395 ᾶέ
536 3332 614 3409 inv}
640 3332 675 3396 in
699 3337 814 3415 φυσῆτε
833 3336 918 3398 Aclr.
943 3337 1023 3421 8293
1054 3345 1093 3403 ἇό
1114 3350 1147 3404 et

53 3443 106 3513 355
122 3442 159 3504 in
181 3437 334 3527 genitivis
356 3433 580 3498 declinationis
601 3433 722 3522 primae
742 3436 839 3521 vulgo
867 3459 933 3500 non
954 3439 1147 3502 contrahun-

58 3558 137 3626 tur3
166 3564 238 3604 raro
259 3538 294 3601 in
317 3539 336 3598 ἆ
357 3535 617 3620 conjunguntur,
646 3546 683 3599 ut
703 3539 758 3599 τᾶν
779 3560 796 3600 e
816 3535 916 3621 τάων,
943 3537 1053 3604 Attice
1074 3543 1144 3603 coir.

58 3645 133 3710 vid.
158 3635 189 3729 ἓ.
212 3640 285 3706 44.-
309 3637 383 3704 Non
406 3635 517 3700 minus
539 3633 703 3701 Herodeion
723 3637 803 3702 dens
825 3637 911 3726 apud
931 3631 1072 3707 Boeotos
1093 3665 1148 3706 au-

57 3799 334 3820 -a-—r-m--n

100 3911 128 3968 1)
166 3901 301 3958 Aeolibus
317 3900 474 3956 tribuuntur
490 3898 637 3954 accusativi
654 3896 704 3951 τώς
721 3895 874 3968 ἀνθρώποις
891 3917 908 3954 6
924 3901 951 3955 J.
972 3903 1021 3956 Gr.
1040 3905 1104 3969 245,
1122 3917 1147 3969 o,

60 3996 156 4060 Greg.
176 3991 240 4044 Cor.
257 3990 318 4051 619,
336 3990 450 4042 Meerm.
470 3990 535 4053 6633
554 3984 655 4038 deinde
668 3981 775 4050 Moirai,
794 3989 922 4040 λείπωσαι
939 4003 955 4039 6
971 3988 997 4040 J.
1018 3987 1067 4040 Gr.
1088 3989 1148 4054 236,

59 4099 78 4134 6
99 4090 130 4134 et
148 4073 253 4140 243‚b
281 4071 340 4138 (ubi
364 4070 452 4124 minu's
476 4081 550 4124 recte
576 4070 686 4124 additur
709 4069 854 4140 talviaco),
878 4072 959 4126 Leid.
983 4073 1047 4139 637,
1075 4076 1147 4142 Aug.

60 4170 135 4232 670,
164 4161 255 4219 vair.
274 4160 343 4226 696,
371 4157 457 4224 Greg.
475 4156 505 4212 C.
524 4158 584 4212 684.
795 4155 798 4166 ’
1157 4177 1166 4192 .
