2748 4832
240 277 292 384 32
440 282 497 355 De
521 279 673 362 dialecto
698 271 853 365 Aeolum
878 286 1112 372 Asianorum·
1219 385 1223 388 .

320 484 487 554 Interdum
515 486 628 556 literae
658 489 787 576 cognati
814 491 886 557 soni
912 517 971 582 pro
993 493 1152 581 digamma
1180 499 1305 588 scn'ptae

235 589 460 679 reperiuntur,
490 586 526 650 in
547 591 631 670 βῖτυς
657 613 716 678 pro
736 592 845 672 ettae,
875 594 963 686 qnod
984 595 1202 664 Terentianus
1223 599 1304 665 Man·

234 715 292 756 rus
314 689 475 754 Aeolihus
495 688 611 754 tribuit
625 685 676 776 ⁶),
708 690 744 754 in
767 693 917 776 φὲσπερε,
945 705 981 760 ut
1007 696 1042 768 in
1065 695 1186 787 Sapph.
1208 702 1248 764 l'r.
1269 701 1304 766 45

233 791 356 879 legitur
388 789 472 878 apud
493 790 548 854 Et.
572 788 660 854 Gud.
692 793 775 874 446,
804 797 846 868 3,
877 794 952 858 dum
982 797 1101 878 ceteri,
1138 801 1197 888 qui
1226 804 1304 866 hune

233 915 364 960 versum
384 892 536 968 afferunt,
555 890 695 971 Ἕσπερε
715 893 854 980 hahent,
883 907 915 960 et
935 899 1017 961 hanc
1037 899 1211 966 lectionem
1229 902 1304 991 ipsis

233 993 356 1082 ineptis
387 990 477 1057 vocis
506 993 711 1093 etymologiis
740 994 946 1080 confirmant,
980 998 1046 1064 vid.
1069 999 1163 1068 Neue
1193 1004 1236 1067 l'r.
1255 1004 1301 1087 68,

233 1096 320 1161 unde
342 1117 414 1159 cum
435 1092 611 1160 Welchero
633 1095 798 1176 FEouspa
821 1097 1021 1186 scripsimus.

316 1193 464 1260 Subinde
495 1193 530 1257 in
559 1199 726 1281 politanum
752 1197 901 1284 reliqniis
929 1199 1036 1264 hiatus
1063 1201 1199 1269 illicitus
1232 1207 1302 1273 olim

231 1297 392 1388 digamma
412 1292 652 1382 pronuntiatum
674 1295 779 1360 luisse
799 1297 937 1382 indicat,
967 1309 1004 1363 ut
1024 1300 1099 1366 Ale.
1122 1305 1144 1369 7
1171 1303 1230 1372 ὑπὸ
1258 1333 1303 1394 ep-

229 1427 304 1484 γογ,
327 1397 363 1463 S.
385 1397 427 1476 2,
451 1395 489 1460 11
511 1399 637 1476 γλῶσσα
658 1393 744 1478 ἔαγε,
774 1397 832 1460 ubi
852 1411 938 1482 reete
961 1401 1159 1490 scripserunt
1178 1409 1300 1496 Ρὲργσν,

230 1503 344 1583 Fe'oye5
376 1506 462 1562 recte
492 1495 589 1559 etiam
610 1489 686 1560 Alc.
710 1497 748 1560 31
779 1499 945 1586 ednplici¹
967 1495 1106 1570 le’etione
1129 1510 1197 1591 οἴνῳ
1217 1511 1302 1576 πλεύ-

229 1627 308 1684 μονα
328 1597 420 1680 τέγγε,
443 1595 497 1660 eui
517 1605 654 1674 metrum
671 1597 867 1681 adversatur,
891 1611 923 1664 et
942 1601 1024 1686 τέγγε
1044 1605 1212 1688 πλεύμονας
1236 1615 1301 1694 οἴνῳ

228 1701 461 1768 intellexerunt
481 1695 559 1761 olim
578 1698 658 1780 τέγγε
678 1696 831 1778 πλεύμονα
853 1703 924 1788 alep
945 1703 966 1768 i.
981 1729 1009 1768 e.
1030 1709 1130 1790 Foloe)
1152 1713 1300 1801 seriptum

226 1803 341 1869 luisse.
386 1795 511 1885 (Minus
534 1807 654 1862 certum
677 1809 727 1863 est
746 1799 920 1887 digamma,
944 1806 1031 1892 quod
1051 1806 1086 1870 in
1107 1815 1300 1902 corruptiore

225 1904 298 1970 loeo
316 1900 472 1989 Sapph.2
492 1897 560 1963 v.7
582 1898 624 1974 ὥς
643 1923 677 1962 σε
696 1897 756 1982 γὰρ
773 1905 855 1964 Fido
877 1903 1054 1971 scribentes
1075 1911 1298 2004 restituimus).

228 2004 415 2071 Cavendum
442 2009 549 2063 tamen
576 2023 617 2062 ne
638 1999 758 2064 hiatum
781 2005 977 2090 quemlibet,
1009 2032 1103 2098 saepe
1124 2021 1299 2106 corruptela

225 2119 342 2186 ortum,
366 2101 531 2188 digammi,
554 2099 588 2162 id
610 2101 697 2188 qnod
711 2101 826 2167 Alcaei
848 2114 880 2168 et
895 2103 1043 2195 Sapphus
1065 2112 1204 2182 editores
1223 2143 1298 2185 non·

225 2204 311 2269 nulli
331 2204 495 2282 lecerunt,
527 2198 683 2264 indicium
703 2203 890 2268 habeamus.
949 2208 1015 2290 Qui
1037 2235 1117 2299 quas
1139 2240 1235 2284 voees
1256 2232 1297 2286 te·

223 2327 312 2371 mere
333 2301 492 2390 digamma
513 2309 717 2384 ornaverunt,
741 2304 828 2392 quod
848 2306 941 2372 nullo
961 2309 1092 2404 aliunde
1111 2333 1296 2406 argumento

223 2401 384 2470 vindicari
405 2409 534 2488 posset,
557 2399 745 2466 omittimus.

308 2499 348 2591 3)
382 2501 472 2585 Quas
500 2523 597 2566 voees
629 2501 715 2588 apud
742 2501 864 2571 Aeoles
892 2509 997 2599 magis
1023 2514 1172 2584 minusve
1203 2523 1296 2590 certis

222 2603 421 2692 argumentis
450 2600 644 2688 intelligitur
671 2602 830 2690 digamma
856 2610 942 2697 apud
962 2611 1103 2682 Lesbios
1130 2620 1294 2708 habuisse,

222 2705 413 2796 pronomina
434 2704 453 2769 3
473 2727 586 2792 pers,
607 2704 721 2782 Foloe,
744 2704 874 2784 Γάλλος,
896 2711 1009 2794 Ρέαγα,
1031 2719 1156 2795 Faiaov,
1177 2725 1292 2805 Ημμα,

111 2818 117 2827 .
221 2811 355 2890 ngyovg
387 2805 561 2889 Γέσσερσς,
596 2806 698 2883 luto,
731 2809 840 2886 lotoe,
872 2814 1000 2892 Foiaoe,
1034 2819 1163 2885 eaedem
1184 2847 1293 2890 omnes

220 2909 305 2996 apud
325 2907 503 2972 Homerum
523 2905 703 2970 certissima
726 2906 878 2996 digammi
900 2911 1019 2978 indicia
1040 2918 1177 3005 habent,
1200 2937 1237 2989 ut
1257 2951 1294 2992 ex

220 3006 445 3094 antiquissima
466 3006 660 3070 Graecorum
688 3008 801 3093 lingua
822 3010 908 3076 hune
930 3037 1045 3080 sonum
1066 3023 1151 3109 apud
1171 3024 1292 3092 Aeoles

221 3119 379 3174 servatum
401 3130 474 3172 esse
490 3115 608 3192 pateat.
632 3143 673 3154 -
716 3105 833 3196 Neque
860 3121 966 3178 tamen
995 3140 1121 3206 semper
1147 3135 1202 3188 aut
1224 3128 1292 3192 nbi-

219 3231 283 3298 que
304 3206 429 3296 antiqui
451 3207 609 3294 digamma
636 3215 765 3282 tenaces
787 3221 910 3276 erant.
952 3213 1035 3282 Nam
1066 3231 1097 3285 ct
1124 3224 1160 3287 in
1188 3227 1291 3298 titulis

217 3310 346 3374 nullum
374 3309 445 3393 ejus
466 3307 659 3394 vestigium,
693 3307 751 3371 ubi
771 3309 850 3374 adeo
870 3311 971 3378 Lesb.
993 3319 1096 3404 2166,
1120 3325 1289 3410 16,εἴκοσι,

216 3409 240 3474 l.
263 3411 306 3476 24
328 3408 499 3490 σίκήσοισι,
523 3407 655 3494 hamps.
680 3409 720 3474 12
740 3409 832 3487 ἴσως,
860 3411 952 3478 Cum.
975 3419 1015 3482 41
1039 3422 1157 3498 elnonae
1177 3427 1290 3515 legun·

216 3521 288 3593 tur,
321 3534 401 3598 quas
420 3532 516 3573 voees
540 3508 619 3572 olim
641 3507 798 3594 digamma
822 3513 995 3600 habuisse,
1029 3543 1069 3584 ex
1090 3525 1202 3606 eodem
1225 3529 1290 3593 Ho-

216 3633 303 3674 rnero
326 3621 357 3674 et
378 3608 508 3673 aliunde
529 3617 671 3688 constat,
700 3619 731 3672 et
751 3610 786 3673 in
813 3622 977 3700 poetarum
997 3621 1146 3713 reliqniis
1167 3631 1290 3715 reperi-

216 3723 333 3794 untur,
362 3709 420 3775 nbi
449 3709 625 3799 digamma,
658 3709 745 3795 quod
774 3713 851 3778 olim
878 3715 959 3802 fnit,
988 3720 1053 3785 vim
1081 3729 1287 3799 consonantis

222 3864 493 3876 ..-..-.-----

248 3945 276 4012 o,
312 3945 375 4000 rer.
394 3945 433 3998 nu.
452 3942 488 3999 ue
505 3945 570 4014 syn.
591 3963 613 3998 c.
630 3949 647 4000 a
666 3963 691 4001 v.
709 3917 805 4021 osup.
826 3955 893 4011 eaor
911 3955 961 4015 Pe

309 4037 310 4042 ’
415 4029 556 4096 Quamque
574 4033 633 4085 trev
650 4033 743 4090 dicunt
760 4039 877 4109 Achaei,
897 4043 965 4098 hane
980 4050 1058 4118 pleae
1074 4067 1142 4119 gens
1160 4054 1268 4123 heolin

305 4123 307 4132 ’
414 4115 501 4170 Plura
516 4115 629 4188 Sappho
646 4121 850 4194 comprobarit,
868 4131 969 4186 Aeoles
989 4146 1017 4190 et
1033 4135 1125 4191 ceteri.
