2748 4832
203 295 239 386 h.
267 296 323 371 lo.
380 299 436 372 De
461 307 483 370 ιῖ
508 311 589 370 ante
615 309 637 373 ᾶ
661 299 701 374 in
727 302 805 376 lota
830 318 980 378 mutato.
1091 303 1142 379 69

50 504 188 588 ὅππᾳτα,
213 503 330 566 tiliana
352 528 415 592 pre
435 503 573 586 ὄμματα,
598 504 727 588 ἄλειμμα
748 531 766 570 a
786 505 950 575 radicibus
973 507 1024 583 ὄπ,
1049 507 1133 590 oilae.

49 604 133 668 lllnd
163 603 197 668 in
227 603 323 668 libris
351 616 401 670 est
429 604 466 672 S.
489 608 526 684 2,
562 607 621 690 11,
652 609 873 694 econjeetnra
895 608 1073 674 restituitur
1095 608 1131 674 S.

46 706 95 771 tt.
143 705 311 771 Contraria
337 706 372 770 in
393 705 445 772 bis
465 717 515 772 est
535 708 777 776 assimilationis
799 710 882 775 ratio
901 734 939 776 ae
959 710 1067 797 vulgo.

1089 851 1115 891 A·

534 939 563 1034 5.
595 943 646 1011 m.

297 1077 390 1130 nei
412 1079 535 1132 antefa
560 1042 706 1132 mm.
723 1085 878 1134 mutato.

126 1205 161 1283 l)
182 1202 303 1266 Aeoles
325 1225 421 1290 saepe
445 1203 478 1264 ἆῖ
502 1226 562 1290 pro
583 1201 710 1290 wulgari
733 1204 753 1266 ἆ
773 1215 805 1266 et
826 1205 856 1268 ὀῖ
877 1228 937 1292 pro
959 1206 1130 1268 dehabere

45 1307 250 1380 reserantem,
293 1304 380 1390 qnod
422 1303 601 1368 accuratius
648 1303 886 1391 inquirentibus
926 1301 973 1368 ibi
1007 1316 1129 1370 tantum

45 1407 158 1470 lactum
180 1411 252 1468 es'se
275 1415 425 1493 apparet,
455 1403 512 1467 ubi
532 1403 754 1492 antiquissima
774 1404 886 1492 lingua
907 1417 981 1494 post
1001 1407 1129 1470 brevem

45 1508 181 1572 vocalem
197 1503 229 1574 t}
245 1505 402 1570 habuerit.
460 1505 511 1570 Ex
533 1506 682 1570 omnibus
703 1505 790 1569 enim
812 1505 967 1588 Graecis,
999 1507 1027 1572 si
1048 1531 1128 1596 pan-

44 1608 166 1672 cissima
189 1609 345 1694 qraaedam
374 1606 589 1694 excipiamus,
623 1607 685 1672 soli
707 1606 823 1694 Argivi
855 1621 888 1672 et
909 1607 1021 1673 Cretes
1048 1609 1127 1673 anti-

44 1736 135 1799 quum
148 1709 184 1778 ἦ
201 1708 361 1794 integrum
384 1707 552 1771 servabant
568 1704 622 1792 ¹),
646 1709 783 1796 reliqui,
805 1708 966 1794 heleno,
998 1711 1132 1775 brevem·

44 1815 180 1878 vocalem
203 1810 443 1874 antecedentem
463 1808 684 1896 producebant
704 1811 800 1876 etita
821 1811 951 1900 quidem
973 1822 1008 1874 nt
1028 1813 1126 1898 vulgo
1154 1805 1158 1816 ⁸

44 1917 77 1992 ἅ,
106 1939 140 1999 s,
165 1940 182 1978 ο
205 1912 240 1975 in
262 1913 300 1994 ἆ,
330 1935 376 1986 ea,
408 1935 444 1974 ου
465 1920 684 1990 mutarentur,
711 1923 839 1999 aparte
861 1911 1125 1977 Doriensinmin

44 2019 75 2099 ἆ,
107 2045 146 2100 η,
183 2041 227 2091 ω,
265 2013 403 2100 denique
440 2011 479 2074 ah
512 2010 670 2074 Aeolihus
701 2011 830 2076 Lesbiis
862 2012 896 2074 in
926 2037 976 2086 αι,
1007 2033 1051 2087 ει,
1081 2035 1123 2076 οι.

43 2119 134 2206 Apud
162 2121 224 2208 hos
253 2114 353 2200 igitur
380 2114 398 2176 ὗ
425 2123 498 2174 ante
528 2107 600 2175 oin
628 2113 817 2176 {mutatum
839 2106 915 2190 est‚'
943 2113 1124 2207 quodcum

44 2219 137 2284 vocali
156 2216 365 2282 antecedente
386 2213 421 2277 in
444 2211 677 2300 diphthongum
698 2214 859 2300 jarrrgitnra
906 2215 1002 2297 Quod
1024 2239 1122 2302 quum

43 2317 296 2385 antecedentibus
323 2317 338 2374 ῐ
368 2325 400 2378 et
429 2316 447 2376 ὗ
476 2311 546 2376 lieri
573 2337 636 2376 nou
669 2325 798 2402 posset,
833 2316 867 2378 in
890 2317 941 2386 his
963 2318 1121 2403 vulgatam

42 2419 253 2511 productionis
287 2416 443 2480 rationem
471 2414 556 2501 apud
587 2413 708 2478 Aeoles
741 2441 869 2503 qnoque
896 2418 1054 2499 valuisse,
1087 2430 1122 2482 ut

43 2530 120 2605 uduo
161 2546 223 2612 pro
261 2517 381 2602 φὺνσα,
426 2514 583 2603 suspicaci
621 2514 713 2590 lieet,
754 2541 935 2608 «peramplam
974 2519 1119 2610 exempla

42 2651 108 2689 casn
130 2627 249 2692 desunt
262 2625 300 2700 ²).

42 2851 118 2916 (ἕως.
143 2849 175 2902 C.
193 2848 257 2910 teo,
284 2842 365 2896 Leid.
389 2843 454 2905 638,
481 2839 596 2892 hleerm.
619 2842 688 2902 660,
718 2838 787 2904 hug.
809 2841 876 2904 oto,
910 2839 974 2895 Vnt.
993 2843 1058 2910 6893
1082 2843 1117 2895 de

40 2946 136 3004 itenere
153 2951 199 3003 Et.
219 2947 258 3000 llll.
276 2945 325 3011 ot,
343 2945 386 2999 40.
421 2943 549 2998 Ceterum
571 2941 653 2994 modo
680 2929 726 2994 ἦ
740 2957 792 3010 pro
808 2929 868 3011 ᾗῇ,
887 2943 970 2996 modo
987 2933 1015 2997 ἶ
1025 2933 1118 3017 prop

42 3037 150 3105 positum
168 3035 271 3088 dicunt.
940 3075 950 3088 ,

70 3138 92 3197 Ι)
124 3131 221 3204 Apoll.
238 3128 274 3181 de
291 3137 363 3198 synt.
382 3127 447 3191 ³13,
463 3126 516 3190 20,
535 3123 674 3182 Heraclid.
692 3139 737 3194 ap.
755 3124 832 3182 Eust.
853 3127 919 3193 7²2,
938 3129 987 3194 58,
1007 3131 1041 3184 Η,
1061 3133 1115 3186 Aa,

40 3223 98 3288 tm,
123 3221 166 3286 b.‚
194 3215 242 3270 nbi
268 3213 396 3281 exempla
421 3213 574 3264 afferuntur
599 3207 641 3263 s'ut
665 3219 692 3264 et
716 3211 810 3264 τιθὲνσ
836 3228 887 3280 pro
909 3209 947 3266 εἰς
973 3226 1002 3268 et
1017 3220 1115 3273 sedate.

41 3308 97 3359 alia
111 3305 221 3366 Cretica
238 3299 366 3367 exempla
387 3297 414 3350 in
433 3295 552 3350 decretis
570 3296 725 3352 Vaxiorum
743 3307 771 3348 et
789 3297 932 3350 Latiorum
953 3299 984 3352 C.
1005 3302 1028 3354 I.
1047 3305 1117 3358 3050

40 3403 62 3445 et
81 3396 146 3447 3058
171 3390 200 3443 in
223 3384 384 3439 melioribus
401 3382 571 3450 apographis
587 3392 694 3436 servata
711 3382 871 3435 Roeckb'ins
895 3401 1040 3454 perperam
1067 3407 1114 3444 ue-

39 3479 127 3544 glexit.
164 3479 186 3530 Λ
205 3471 345 3528 Sherardo
362 3469 435 3522 enim
453 3469 598 3521 traduntur
614 3484 655 3521 nr.
673 3469 741 3523 3050
759 3469 778 3520 l.
798 3473 822 3520 7.
839 3465 943 3524 odraus
960 3488 1014 3541 pro
1029 3473 1116 3531 natm

39 3575 62 3616 et
87 3565 105 3618 l.
124 3565 163 3616 14.
191 3555 253 3613 sdes
278 3573 330 3626 pso
356 3551 431 3620 code,
456 3554 476 3609 1.
494 3557 536 3608 16.
564 3550 733 3621 ὕπαρχόντασ
756 3571 808 3623 pro
832 3552 1014 3625 astutam,
1041 3563 1116 3616 unda

37 3645 196 3718 tuopzo'roos
222 3642 397 3698 scribendum
426 3650 476 3693 est.
524 3640 593 3696 Item
619 3655 661 3694 nr.
679 3642 748 3696 3058
773 3641 792 3692 1.
810 3641 836 3693 4.
864 3643 1006 3698 Hesselius
1033 3647 1115 3706 haban

37 3731 203 3804 apssysoedvs
220 3747 272 3801 pro
290 3725 462 3798 πρειγευτᾶε,
480 3727 497 3778 l.
518 3729 543 3780 7.
562 3721 697 3800 inuexere
714 3765 720 3777 .
739 3761 746 3777 .
766 3763 774 3780 .
792 3725 882 3792 (Sher.
900 3725 1039 3800 obsequens
1057 3774 1064 3788 .
1083 3737 1113 3800 .),

39 3822 104 3874 unde
127 3818 287 3874 Booehhins
310 3815 377 3868 lecit
400 3809 581 3878 ὖπαρχοῦσας,
611 3813 686 3877 qnod
710 3813 829 3866 debebat
855 3829 917 3868 esse
937 3814 1113 3885 ὓπαρχόφσας.

39 3907 220 3962 accusativum
236 3896 419 3970 sermondus
432 3903 488 3967 jam
506 3899 619 3955 Gieslus
641 3899 755 3965 agnovit
776 3916 802 3968 p
823 3903 880 3955 tha
935 3902 1000 3959 Alia
1023 3903 1114 3958 minus

38 4003 124 4060 aperta
141 4009 212 4045 nunc
229 3988 385 4042 omittimus.

65 4091 91 4150 2)
125 4088 264 4143 Interdum
277 4083 386 4148 Graeci,
403 4097 439 4134 ne
454 4071 588 4134 Aeolibns
606 4081 718 4146 quidem
737 4081 870 4150 exeeptiS,
887 4087 906 4136 t
923 4083 1014 4152 potins
1032 4086 1111 4144 omit.

38 4173 136 4242 lebant,
153 4185 183 4228 nt
200 4174 315 4234 theraeo,
335 4168 415 4222 Aeol.
435 4167 556 4232 thasove,
575 4176 620 4229 est¹
634 4181 685 4236 pro
703 4168 819 4221 luteae.
839 4169 895 4222 vid.
914 4169 938 4234 t.
956 4173 986 4235 Β,
1003 4173 1028 4225 2.
