2712 4820
224 317 278 436 92
427 318 487 392 'De
512 315 664 392 dialecto
690 315 847 392 Aeolum
871 315 1103 399 Asianorum.

223 524 324 612 liujus
352 521 540 589 mutationis
568 521 750 611 exemplum
776 521 955 614 reperitur,
993 533 1027 590 et
1049 524 1183 590 tabulae
1211 523 1297 592 Hera·
1345 585 1346 616 ,

224 627 396 710 elcenscs,
425 636 567 688 ceterum
596 625 673 702 ἦίιι
695 624 807 690 multis
829 648 889 714 pro
908 625 1036 715 vulgari
1056 635 1086 691 ii
1105 627 1296 716 praebentes,
1345 707 1346 718 ἵ

223 726 318 792 δώσει
338 736 370 790 et
390 724 510 789 similia
530 727 631 791 multa
650 724 781 792 habent.
826 725 957 792 Deinde
972 727 1127 794 Boeotico
1141 730 1296 812 dialectos,
1345 721 1346 724 ¹

223 852 307 918 qnae
327 836 348 904 ῆ
368 827 408 894 iu
424 815 508 916 siet
528 837 558 891 ἒῑ
578 827 614 890 in
637 839 650 894 ῖ
669 837 795 910 mutat,
819 826 878 893 sed
899 830 1159 918 servat-vulgare
1178 842 1232 914 Ξῖ,
1252 830 1298 894 uli

223 929 367 995 severior
387 928 561 994 Dorismus
588 934 609 1005 ἢ
629 928 727 993 habet
746 939 783 992 ut
804 927 903 1010 εἶμεν,
938 932 1072 1014 Χειρῖας
1092 943 1226 1020 propter
1244 933 1297 996 Do·

221 1031 290 1096 rica
310 1025 403 1112 ἦμεν,
425 1029 485 1116 χῆρ
508 1026 589 1119 (vid.
612 1023 643 1118 ξ.
666 1029 726 1112 39,
748 1025 805 1116 2),
835 1030 871 1094 ἱιι
891 1031 944 1098 his
966 1031 1114 1097 iormist
1135 1034 1246 1114 offert,
1271 1044 1298 1096 ut

222 1133 320 1216 λέγις,
353 1131 400 1217 ἔχί
424 1155 486 1222 Ρπο
513 1132 626 1214 λέγεις,
653 1128 716 1216 ἔχει
738 1125 789 1217 (ξ.
813 1131 874 1215 40,
896 1128 948 1217 3).
1015 1133 1194 1219 Colligitur
1221 1134 1298 1213 inde,

221 1235 317 1302 ctiam
340 1234 533 1300 severiorem
552 1231 742 1297 Dorismum
769 1240 800 1294 Ξῖ
825 1231 861 1294 in
889 1232 941 1296 lais
964 1255 1128 1310 servasse,
1164 1258 1227 1298 nec
1250 1235 1297 1298 mi-

206 1357 284 1402 ¹nus
297 1335 434 1417 Aeoles,
457 1357 594 1423 quorum
615 1333 637 1408 ἦ
658 1331 744 1419 apud
763 1332 905 1398 Boeotos
926 1357 1093 1422 nunquam
1113 1359 1183 1398 non
1204 1346 1298 1400 mans-

220 1439 248 1502 it
284 1437 320 1501 in
355 1443 397 1499 ii.
426 1477 467 1488 --
516 1434 669 1521 Denique
698 1435 791 1516 λέγεις
819 1443 851 1497 et
878 1435 954 1517 λέγει
984 1459 1002 1498 c
1029 1436 1127 1517 λε’γεσι
1155 1449 1190 1502 ct
1220 1440 1298 1520 λέγετε

221 1549 290 1603 orta
311 1549 388 1602 sunt
408 1535 474 1600 iota
493 1533 690 1630 transposito
717 1534 796 1610 (vid.
822 1534 901 1601 diss.
925 1547 1027 1602 noste.
1052 1537 1092 1602 de
1113 1541 1203 1625 conj.
1227 1538 1298 1621 in}

222 1634 254 1727 ἓ.
277 1639 315 1716 6,
338 1639 432 1727 Bopp
453 1639 558 1723 Verul.
582 1636 640 1701 Gr.
663 1658 696 1722 p.
720 1635 783 1700 645
805 1659 918 1724 seqq.‚
949 1633 1026 1702 Potl
1051 1639 1100 1704 Et.
1126 1642 1255 1708 Forscla.
1274 1642 1296 1706 1.

218 1763 255 1829 p.
276 1734 358 1824 21),
397 1739 483 1803 unde
503 1749 518 1808 ῑ
539 1738 596 1803 vix
617 1735 652 1801 in
674 1737 742 1802 ulla
766 1736 904 1803 dialecto
925 1737 1030 1802 omitti
1052 1763 1149 1826 posse
1168 1745 1295 1808 videtun

218 1841 293 1907 Jam
314 1863 409 1916 vero,
440 1839 527 1904 unde
548 1839 602 1902 laic
622 1837 901 1924 grammaticorum
923 1861 1013 1904 ernon·
1032 1845 1231 1927 manaverit,
1249 1845 1297 1908 'in-

220 1943 343 2008 dicium
374 1940 535 2031 quoddam
561 1939 634 2028 ipse
664 1937 911 2030 Chocroboscus
948 1941 1102 2026 praebet,
1145 1945 1298 2011 ‹le-tertia

218 2069 360 2135 persona
379 2055 505 2126 tacens,
529 2040 689 2108 secundae
710 2050 874 2128 praeterea
895 2041 1049 2108 Doricam
1070 2043 1208 2110 formam
1230 2049 1298 2130 λέγες

218 2166 484 2212 commemorans.
505 2179 511 2190 ·
537 2143 649 2225 Quum
670 2141 758 2206 enim
779 2142 814 2206 in
835 2142 1075 2232 antiquissimis
1096 2145 1195 2212 libais
1215 2157 1230 2212 ἒ
1249 2174 1297 2238 pra

218 2258 242 2326 ἦ
263 2259 295 2312 et
314 2248 344 2310 ἐἶ
366 2245 522 2332 scriptum
545 2253 650 2324 essct,
674 2242 888 2332 grammatici,
909 2243 978 2332 *qui
998 2245 1214 2314 Aeolicus-um
1233 2257 1297 2339 poi·

217 2358 324 2413 tarum
346 2346 487 2411 carmina
508 2345 740 2426 recensebant,
767 2366 835 2406 uon
861 2344 970 2410 minus
994 2369 1089 2435 saepe
1111 2347 1207 2415 dulaii
1235 2353 1297 2416 liae·

219 2449 373 2532 aebant‚'
388 2471 483 2536 quam
504 2445 562 2533 qui
583 2445 760 2509 Homerum
782 2455 814 2510 ct
833 2445 1030 2530 Pindarum,
1064 2448 1162 2514 dalaia
1180 2452 1297 2538 judiea-

217 2550 300 2617 bant
331 2574 373 2615 ex
402 2547 572 2634 analogiis.
638 2545 741 2612 Erant
772 2556 886 2632 autem,
903 2560 956 2612 sat
984 2548 1104 2614 multae
1124 2554 1297 2640 analogiae,

219 2651 308 2717 unde
339 2649 463 2716 Aeolus
495 2658 527 2713 et
552 2648 660 2714 Dares
689 2648 776 2730 ls'yne
816 2672 874 2736 pro
907 2650 1000 2731 λέγεις
1032 2649 1156 2722 dixisse
1194 2655 1296 2743 colligi

218 2777 319 2844 posse
349 2752 524 2818 videretur.
583 2748 671 2815 Num
701 2773 760 2838 pro
788 2751 881 2832 λέγειν
901 2750 1058 2818 Doricum
1080 2763 1113 2818 et
1132 2758 1299 2822 Aeolicum
1344 2825 1345 2844 g

219 2866 270 2922 est
290 2855 397 2938 λε’γην,
429 2852 586 2918 Doricum
614 2861 777 2941 praeterea
798 2852 896 2934 λέγεν,
929 2875 987 2944 pro
1008 2855 1127 2936 χαρίεις
1147 2856 1298 2923 Doricum
1344 2865 1345 2898 l

219 2968 253 3021 et
279 2958 393 3042 χαρίης
423 2964 455 3018 et
481 2956 604 3040 χαρίες,
638 2953 724 3016 unde
746 2975 845 3040 quum
873 2976 931 3040 pro
961 2955 1054 3036 λέγεις
1074 2955 1181 3024 Dones
1212 2961 1297 3026 etiam

220 3057 303 3140 ls'yse
325 3039 484 3134 dicerent,
508 3079 574 3118 non
596 3055 705 3118 minus
727 3055 814 3134 lalus
832 3050 992 3120 Doricus
1011 3067 1043 3120 ot
1063 3057 1238 3126 Aeolicum
1259 3060 1297 3126 vi·

219 3159 292 3224 deni
312 3166 447 3248 poterat.
489 3152 642 3226 ¹Tentia'm
663 3176 835 3244 pensonam
863 3152 940 3221 illae
961 3156 1128 3245 analogiae
1148 3185 1217 3226 non
1239 3174 1293 3227 tan.

219 3260 352 3348 gabant.

304 3360 433 3426 Minore
454 3359 549 3424 etiam
566 3357 643 3443 jure
665 3355 862 3446 grammatici
886 3358 969 3424 liano
991 3361 1198 3428 mutationem
1220 3365 1297 3429 Aeo·

219 3461 316 3530 licam
339 3470 520 3550 agnoscunt
546 3459 581 3523 in
602 3456 710 3542 παρηά
740 3481 798 3546 pro
820 3457 952 3541 παρειὰ,
987 3485 1087 3548 quum
1109 3464 1298 3530 Lesbiacum

162 3599 165 3607 =
220 3564 331 3650 potius
355 3564 398 3628 sit
418 3559 546 3643 παραύα
573 3554 625 3648 (ᾗ.
649 3559 688 3642 5,
712 3559 772 3648 5),
806 3571 838 3624 ct
859 3559 955 3646 ὅνηαρ
984 3585 1044 3650 pro
1066 3563 1187 3648 ὄνειαρ,
1221 3589 1299 3657 quae

220 3665 374 3730 Boeotica
394 3664 545 3730 videntur
566 3685 584 3726 e
604 3659 744 3745 παραιὰ,
761 3661 878 3745 ,danaus
899 3674 991 3738 nata,
1014 3663 1079 3734 uid.
1103 3659 1133 3752 ἓ.
1157 3668 1211 3734 40.
1236 3677 1297 3733 nal.

220 3768 261 3849 5,
295 3764 412 3831 delude
440 3765 476 3830 in
503 3762 608 3840 πλήων
634 3788 694 3852 pao
721 3765 833 3826 πλείων
866 3759 1019 3852 (quocum
1048 3766 1158 3848 παρηά
1179 3793 1299 3858 compa·
1343 3833 1344 3850 1

219 3877 308 3940 ratur
327 3867 362 3931 in
385 3867 439 3932 Et.
463 3865 510 3930 M.
533 3866 619 3948 653,
641 3867 682 3930 33
704 3875 735 3929 et
756 3864 841 3928 Gud.
866 3865 946 3947 453,
970 3864 1044 3953 13),
1072 3871 1181 3955 quod,
1205 3895 1299 3960 quum

219 3967 477 4058 vulgatissimum
499 3967 585 4056 apud
614 3965 837 4056 grammaticos
860 3965 903 4032 sit
923 3970 1105 4056 exemplum
1135 3981 1165 4034 Ξῖ
1184 3971 1300 4036 Dorice

219 4071 255 4136 in
274 4079 297 4148 ἦ
318 4071 445 4155 mutati,
466 4081 573 4138 tamen
594 4093 660 4133 non
683 4067 810 4136 videtur
830 4091 905 4140 vcec
926 4069 1081 4136 Doricum
1104 4095 1177 4136 csse
1198 4094 1299 4161 neque

221 4171 416 4257 Aeolicum,
452 4195 550 4263 quum
587 4171 729 4243 πλεῖστος
760 4169 889 4258 legatur
925 4169 960 4234 in
989 4171 1089 4242 Lesb·
1117 4173 1202 4244 2166
1240 4173 1297 4254 (cl.
