2748 4832
454 293 548 393 Μ
599 301 655 375 De
681 299 820 399 spiritu.
917 309 918 314 ’
1000 335 1001 338 “
1126 291 1177 379 29

94 515 200 570 tatum
222 499 303 592 (vicl.
326 498 356 592 5
381 503 420 588 5,
441 501 477 589 2)
506 503 542 570 in
566 504 673 570 lencm
693 505 821 594 misse,
854 515 890 570 ut
917 505 953 571 iu
974 503 1099 588 ἔμμενος
1120 521 1179 594 pm

92 606 254 688 Γὲμμενος
275 600 338 691 (nr.
359 601 407 692 5),
430 615 683 671 consentancum
704 619 765 690 cst,
788 631 971 697 quanquam
992 605 1180 694 antiquissi-

91 732 152 772 mo
173 719 315 794 tempore
336 709 415 770 hace
438 707 536 794 stirps
560 717 633 771 aute
655 707 814 796 digamma
843 709 980 774 hahebat
1001 709 1037 790 ἑ,
1068 718 1104 772 ut
1124 708 1180 772 do·

93 819 176 874 cent
197 808 328 874 Senser.
353 808 523 889 aradus,
546 807 619 890 Lat.
645 810 796 873 suavis.
1152 825 1153 830 ’

187 907 309 993 ἁμέρα
335 918 465 998 propter
485 903 569 992 ἦμαρ
591 919 624 974 ct
645 908 818 974 Pindarica
846 908 1016 993 ἕπᾴμερος,
1046 907 1183 994 atagarti-

93 1035 207 1094 μερος.

188 1110 292 1194 ᾄρμα
313 1131 331 1172 a
351 1107 461 1174 radice
483 1105 550 1191 ἄρ,
580 1119 617 1174 ut
637 1109 733 1176 ctiam
760 1111 794 1175 in
814 1109 947 1198 antiqua
967 1110 1064 1175 titula
1084 1111 1182 1178 Dori-

94 1238 139 1279 co
169 1211 209 1277 G.
238 1212 266 1275 Ι.
298 1210 393 1273 mal
423 1207 652 1292 Ἀῥμοξίδαμος
689 1218 761 1278 siue
791 1211 898 1300 asperi
926 1209 1020 1297 siguo
1053 1210 1183 1279 dialecti

94 1338 200 1380 causa
222 1311 376 1398 scriptum
396 1310 534 1376 videtur.

188 1411 415 1478 i'anaoaAle.
438 1412 471 1478 7.
502 1413 544 1476 ef.
569 1412 699 1480 Sanscr.
730 1436 869 1501 aqvas,
905 1412 978 1478 Lat.
1001 1435 1128 1502 equus
1150 1424 1183 1480 et

96 1519 175 1606 ipsa
195 1514 318 1580 Graeca
339 1511 502 1586 λεύκιππος
524 1523 585 1578 etc.
609 1515 652 1578 ct.
676 1514 775 1580 Giese
796 1539 829 1602 p.
853 1514 927 1581 332.

131 1610 134 1618 ’
187 1619 296 1688 iaaac
316 1623 446 1700 propter
466 1613 675 1680 Homericum
697 1618 841 1680 ἐπίστιον.

189 1718 355 1802 liquetur
385 1738 444 1803 pro
477 1714 606 1801 ἅρπειον
634 1715 701 1782 vid.
733 1711 764 1804 ἓ.
787 1719 854 1793 12,
882 1719 924 1795 2,
965 1717 1008 1782 ci.
1039 1715 1181 1801 ἆρπᾶζω,

98 1819 231 1909 rapio.

190 1921 292 2000 ὕδωρ
317 1921 360 1984 e'l'.
383 1916 557 1984 Gothicum
579 1921 690 2000 ratri,
712 1917 852 2005 Anglos.
875 1928 1002 2000 vj'aiter.

188 2023 309 2096 ὕσὸος
329 2032 365 2086 ut
386 2022 467 2096 ὄζος.

189 2123 309 2188 Contra
342 2121 526 2187 levissimae
562 2119 720 2186 librorum
752 2119 934 2186 auctoritati
966 2120 1184 2210 obtemperare
1291 2201 1294 2214 .

102 2225 271 2290 noluimus
299 2223 334 2286 in
357 2224 480 2306 ἑταίρα,
516 2221 653 2307 ὑμάρτη,
685 2222 793 2304 ὕμοιος
822 2217 878 2307 (el'.
904 2221 1035 2286 Sanser.
1067 2247 1183 2308 sama,

104 2329 180 2392 Lat.
211 2324 389 2406 similis,
421 2321 576 2412 simul).
599 2357 641 2370 -
682 2325 723 2389 In
748 2324 888 2410 singulis
909 2323 1076 2389 vocabulis
1098 2325 1185 2389 Aco-

102 2427 202 2507 licis,
240 2449 322 2515 quae
350 2425 473 2513 passim
507 2448 525 2490 e
554 2425 659 2491 titulis
689 2435 722 2488 ct
752 2426 968 2514 grammaticis
996 2427 1184 2510 afferuntur,

103 2528 235 2596 easdem
255 2527 386 2616 regulas
408 2527 505 2591 tacite
525 2521 654 2615 sequuti
676 2550 799 2591 sumus.

191 2629 288 2712 Quod
318 2627 514 2718 grammatici
545 2636 684 2716 negant,
724 2631 744 2713 <5
770 2629 854 2717 apud
882 2628 1005 2695 Acalcs
1035 2657 1185 2722 asperum
1231 2645 1233 2651 “

106 2731 282 2812 habuisse,
314 2753 410 2818 quam
431 2753 543 2794 verum
571 2729 614 2792 sit
635 2727 763 2793 difficile
796 2740 846 2792 cst
866 2730 906 2792 ad
927 2731 1184 2816 dijudicandum,

107 2834 186 2923 quia
207 2830 313 2920 asperi
335 2831 429 2916 signa
450 2830 649 2916 grammatici
669 2829 754 2893 nihil
783 2828 1008 2916 significabant
1039 2831 1106 2896 nisi
1133 2859 1185 2898 ru·

109 2935 233 3000 diorem
262 2931 374 2997 literae
403 2953 537 3013 sanum3
566 2930 691 3017 antiqui
719 2929 803 2993 cuim
827 2929 965 3014 Graeci,
1003 2955 1187 3024 quanquam

109 3035 146 3100 in
167 3034 284 3100 ceteris
306 3031 477 3098 utebantur
497 3031 602 3119 asperi
624 3031 739 3117 signo,
769 3055 934 3118 nunquam
955 3032 1067 3097 literae
1091 3037 1109 3118 ῥ
1132 3035 1187 3099 arl-

110 3137 201 3200 dnnt.
265 3133 366 3222 Apud
392 3131 514 3197 Aeolus
543 3135 630 3196 hunc
661 3133 869 3197 consonantis
901 3158 919 3212 ρ
946 3157 1059 3198 sunum
1089 3136 1188 3202 alium

108 3237 227 3319 fuisse,
248 3260 314 3301 non
337 3233 431 3298 credo
454 3233 680 3324 grammaticis,
704 3233 886 3320 generalem
908 3233 947 3296 de
968 3232 1085 3320 psilosi
1099 3236 1206 3300 Aeo-s

108 3339 174 3404 lica
193 3337 340 3424 regulam
362 3334 518 3399 etiamad
540 3333 817 3416 &adhibentibus
862 3333 1072 3422 Exemplum,
1100 3337 1188 3426 quad

109 3439 283 3504 Aeolicum
304 3446 453 3519 vocatur,
483 3434 579 3520 ρ’άρος
604 3437 711 3500 lencm
733 3459 798 3499 non
825 3434 933 3499 minus
960 3434 1078 3498 habere
1099 3435 1188 3508 vide-

109 3554 168 3606 tur
195 3548 325 3629 propter
354 3561 494 3626 sequens
518 3539 536 3621 ῥ
563 3536 758 3624 aspiratum,
797 3561 892 3624 quam
920 3534 963 3600 Ν.
985 3535 1026 3598 Ρ.
1055 3533 1185 3618 'Pipae

110 3642 177 3708 vid.
200 3664 283 3729 quos
309 3639 417 3704 laudat
435 3639 571 3703 Passow
592 3637 627 3700 in
650 3637 771 3700 Lexico
792 3646 824 3699 ct
845 3636 966 3700 Herod.
989 3663 1022 3699 π.
1046 3663 1077 3717 μ.
1101 3644 1129 3701 λ.
1151 3663 1185 3724 p.

112 3743 166 3809 35.
189 3783 231 3795 -
272 3741 384 3828 Itaque
407 3741 442 3804 in
464 3740 514 3802 uis
536 3738 708 3826 vulgarem,
722 3761 817 3802 usum
838 3735 985 3803 descrere
1007 3737 1183 3802 noluimus.
