2710 4820
189 303 267 383 238
465 303 523 378 De
548 300 712 380 dialectis
740 302 1015 386 Pseudeeoliois.

186 508 279 596 μένος
308 508 344 574 ln
372 507 516 576 Plr'ocico
544 507 630 597 apud
657 507 813 576 Roscium
842 534 892 578 nr.
915 509 977 594 81,
1018 509 1074 576 cni
1101 533 1284 600 comparan-

191 611 266 692 dum
299 621 350 678 est
378 610 570 676 Boeoticum
603 609 813 678 dnodeddordr
834 612 934 690 1569,
957 636 988 677 a.
1011 613 1084 698 1113
1128 612 1284 685 Aeolicus
1344 654 1349 690 ,

188 714 392 780 accusativus
413 711 534 796 Δαμών
562 713 704 798 ibidem,
746 713 998 802 praepositionis
1026 716 1098 800 napi
1128 704 1225 778 elisio
1251 715 1284 778 ia

168 812 388 903 'na'podocin
415 813 579 906 Delphico
600 814 701 890 1688,
726 814 786 896 18,
830 839 1016 904 quanquam
1047 814 1173 880 ibidem
1198 815 1223 880 l.
1247 817 1283 882 18

189 928 242 984 est
271 919 433 1000 sapritius,
478 941 581 1008 quum
611 914 746 981 voculae
774 915 872 983 elisio
900 927 932 984 ct
959 941 1102 1006 apocope
1129 916 1283 982 Aeolicae

188 1019 274 1097 sint,
297 1019 365 1088 vid.
388 1013 419 1106 §-
442 1019 497 1104 28,
519 1021 554 1100 2,
578 1027 742 1107 practerea
762 1018 849 1106 apud
869 1018 1047 1084 Pindarum
1068 1019 1282 1108 reperiantur,

187 1133 226 1190 ut
246 1119 393 1210 περόδοις
414 1120 510 1186 Nem.
532 1121 597 1204 Χ1,
619 1118 681 1197 4⁰,
703 1128 736 1184 et
756 1119 793 1184 in
812 1119 944 1188 loedere
963 1121 1122 1187 Eleorum
1142 1145 1209 1208 παρ
1230 1146 1282 1186 no·

187 1223 267 1307 la'pto
289 1247 349 1313 pro
371 1228 441 1308 περὶ
461 1224 606 1305 πολέμου.
1203 1217 1207 1232 ’

274 1325 410 1406 ‘islam
433 1325 649 1413 intelligitur,
683 1324 820 1390 dialecto
843 1322 878 1388 in
900 1324 960 1390 lrac
981 1322 1106 1392 mediae
1128 1326 1283 1392 Graeciae

185 1439 277 1519 parte
298 1427 425 1517 vigenti
445 1427 587 1516 aliquam
609 1451 681 1492 esse
707 1451 782 1491 cum
803 1424 952 1490 Aeolicis
973 1425 1142 1508 dialectis,
1184 1429 1281 1494 maxi·

185 1555 238 1598 mc
259 1528 434 1611 Boeotica,
464 1528 708 1616 cognationem,
737 1551 844 1616 neque
865 1538 971 1590 taruco
994 1551 1085 1611 carn,
1117 1537 1152 1592 ut
1176 1554 1196 1594 a
1215 1529 1279 1596 Do·

142 1715 146 1724 ι
185 1633 274 1710 rica,
297 1653 436 1719 quacum
458 1630 561 1696 multo
583 1631 675 1718 plura
692 1627 875 1696 communia
897 1628 1012 1711 hahet,
1035 1628 1187 1718 disjungi
1207 1657 1278 1722 pos·

186 1735 241 1802 sit.
295 1733 344 1797 At
365 1731 560 1798 dubitaverit
579 1731 717 1821 aliquis,
756 1755 798 1795 aa
818 1729 943 1795 Dorica
960 1729 1084 1822 „lingua
1111 1756 1180 1796 uon
1201 1734 1280 1798 anti·

188 1835 301 1927 quitus
330 1834 384 1899 his
413 1833 546 1924 populis
572 1833 609 1898 iu
634 1857 696 1898 usu
723 1831 840 1917 luerit,
885 1832 943 1898 sed
972 1819 1087 1899 codcrd
1113 1833 1212 1900 modo
1240 1836 1281 1901 sit

185 1938 336 2028 adoptata
367 1946 400 2001 ct
430 1935 543 2024 paucis
573 1934 699 2023 antiqui
719 1933 883 2000 Aeolismi
910 1933 1062 2023 reliquiis
1091 1944 1277 2023 temperata,

185 2065 251 2130 quo
272 2039 308 2104 iu
329 2035 509 2102 Arcadicae
530 2036 637 2114 locum
660 2036 864 2101 successerit.
910 2035 974 2101 Cui
995 2059 1182 2125 quanquam
1203 2062 1279 2104 con·

186 2141 354 2222 cedimus,
379 2119 622 2203 Coriutdiorum
644 2138 784 2203 coloniis
805 2137 948 2228 aliquam
969 2137 1035 2203 vim
1055 2137 1157 2202 tribui
1180 2163 1278 2228 posse

185 2245 222 2310 in
242 2242 452 2306 Acarnanum
473 2238 638 2326 linguam,
670 2240 821 2329 antiquae
844 2238 989 2305 Creticae
1011 2239 1047 2304 iu
1068 2238 1277 2328 Delphicam,
1348 2303 1349 2306 ,

185 2341 383 2411 Trachinlae
408 2350 441 2405 et
461 2339 701 2406 Messeniorum
720 2341 919 2430 Naupactiac
947 2341 982 2406 iu
1011 2340 1196 2407 vicinorum
1215 2345 1277 2409 lin-

185 2469 303 2537 guam‚
340 2467 406 2509 uon
433 2453 501 2508 erat
522 2452 629 2506 tamen
655 2465 798 2529 unquam
827 2467 864 2508 ea
884 2441 1097 2508 Doricusium
1118 2445 1207 2532 apud
1227 2471 1275 2512 rc·

182 2548 294 2638 liquos
314 2544 471 2623 Aetolos,
494 2544 698 2622 Phocenses,
721 2543 846 2610 Locros
867 2544 1062 2627 auctoritas,
1092 2555 1130 2610 ut
1150 2569 1190 2612 ea
1210 2547 1275 2612 dia·

181 2648 258 2716 lecti
281 2647 416 2718 mutatio
432 2645 510 2711 ‘lieri
536 2645 696 2736 potuerit,
736 2670 832 2737 quarn
861 2646 1093 2736 inscriptiones
1117 2648 1273 2735 produnt.

182 2750 296 2839 ltaque
319 2748 492 2831 Straboni,
531 2747 609 2814 illos
636 2749 776 2837 populos
797 2749 952 2816 Aeolicus
973 2772 1152 2839 corumque
1175 2750 1274 2817 diale-

182 2863 252 2917 ctos
273 2849 428 2919 Acolieas
449 2847 598 2932 vocanti,
634 2851 743 2914 miuus
764 2849 946 2926 credimus,
989 2873 1087 2939 quam
1114 2851 1178 2932 iis,
1214 2853 1273 2940 qui
1347 2897 1348 2910 κ

181 2953 320 3019 Aetolos
348 2951 494 3018 Dorihus
530 2950 759 3029 adnumerant,
798 2950 1005 3021 Crisaeorum
1030 2952 1182 3045 linguam
1206 2954 1272 3022 dia·

169 3053 266 3121 'lecto
286 3052 438 3119 Doricae.
461 3051 528 3119 vid.
552 3053 584 3137 ἓ.
609 3053 640 3118 1.
662 3063 731 3129 uot.
751 3053 783 3120 5.
807 3053 841 3121 6.

532 3383 907 3396 -ῌΜ--η
