2748 4832
411 313 801 408 §ffilkmwm.
1102 311 1202 386 ll.

67 535 101 588 nt
120 519 338 610 grammatici,
367 541 575 609 quaecunque
597 517 704 606 aliqua
725 516 765 581 de
787 541 881 582 cansa
902 514 1038 583 Aeolica
1059 528 1149 607 puta-

66 636 155 702 rent,
184 625 338 711 barytona
359 643 430 686 esse
446 620 622 707 jubcreut.
648 628 680 680 ct
699 618 835 683 Aeolica
858 629 1009 685 vocarent
1029 619 1148 694 omnia,

66 727 100 790 in
122 723 239 814 quibus
260 732 409 788 accentus
429 730 583 786 retractus
604 728 691 784 essct
703 721 742 796 ²).

149 827 192 906 2)
229 823 423 912 Conspirant
455 845 528 886 eum
567 819 618 884 his
657 821 934 906 grammaticorum
971 823 1151 912 praeceptis

68 927 161 990 etiam
184 949 266 1014 quac
287 925 327 989 de
348 922 487 1009 singulis
507 921 639 986 vocibus
660 931 801 984 monent.
845 922 1009 1002 Primum,
1034 924 1062 988 si
1085 925 1152 1011 syl-

68 1028 213 1092 labarum
247 1047 415 1089 numerum
442 1031 640 1111 spnctamus,
683 1020 789 1084 omnia
822 1021 981 1110 hisyllaba
1008 1025 1150 1101 nomina,

68 1129 166 1214 vulgo
188 1137 280 1191 acuto
301 1125 336 1189 in
356 1124 422 1188 fine
442 1133 568 1198 notata,
590 1119 675 1212 apud
690 1119 812 1184 Aeolcs
833 1133 998 1186 accentum
1018 1125 1053 1189 in
1065 1150 1153 1213 peu-

69 1228 182 1292 ultima
203 1226 320 1290 hahere
339 1224 523 1300 traduntur,
554 1223 590 1287 ut
612 1219 729 1303 σόφσς,
758 1225 876 1300 θύμος,
899 1226 1057 1307 pallor-³³).
1102 1226 1154 1292 Dc

70 1329 131 1411 iis,
170 1351 251 1414 quac
281 1327 360 1390 duas
395 1325 536 1412 syllabas
567 1333 738 1412 superant,
769 1333 926 1388 testantur
954 1325 1010 1415 qui
1031 1325 1153 1390 Aeolcs

71 1425 315 1512 πραπαροξύνειν
342 1426 453 1490 dieunt
477 1436 513 1490 ut
544 1423 671 1498 δύνατος
685 1426 732 1504 ⁴).
795 1424 890 1488 Adeo
918 1427 1152 1514 monosyllaba,

72 1553 152 1618 quac
180 1529 309 1614 longam
330 1528 472 1594 vocalem
493 1538 547 1591 ant
568 1525 800 1614 diphthongum
821 1526 957 1602 habeut,
987 1528 1048 1590 hoc
1068 1527 1154 1592 Aeo-

73 1630 135 1695 lieo
168 1652 258 1692 more
288 1637 479 1714 tanguntur,
520 1627 679 1714 siquidem
710 1649 837 1715 semper
856 1637 932 1691 sunt
958 1627 1180 1716 perispome··

73 1754 113 1794 na
127 1731 182 1810 ⁵),
213 1729 288 1817 quia
309 1739 363 1793 aut
383 1726 599 1792 contractione
625 1725 857 1814 bisyllaltorum
878 1738 951 1790 nata
973 1739 1068 1805 sunt,
1103 1739 1157 1792 aut

74 1841 157 1896 certe
178 1839 344 1895 accentum
365 1851 405 1892 ex
425 1827 537 1892 ultima
549 1826 670 1892 vocalis
691 1837 780 1915 parte
801 1827 835 1892 in
856 1828 997 1917 priorem
1018 1842 1156 1895 retraxe-

73 1941 164 2009 runt,
206 1931 292 1996 unde
312 1929 551 1996 cucumllexum
571 1927 642 1991 ficri
664 1938 806 2010 constat3
842 1953 916 1994 uam
937 1942 974 1995 ut
993 1932 1158 2018 vulgatum

75 2206 242 2273 αύντύνων,
268 2205 326 2262 οἷον
347 2201 461 2274 'Areada
480 2203 638 2274 ”Acervo
665 2205 747 2277 ααφύσ
770 2206 888 2278 σύφασ,
916 2210 981 2266 item
1004 2213 1156 2268 Herodian.

77 2299 145 2350 Ano.
171 2296 226 2347 Ox.
250 2295 305 2358 IV,
323 2294 392 2359 411,
419 2311 480 2346 cum
510 2295 646 2362 exemplis
666 2289 796 2363 Ἄρευς,
819 2295 942 2364 Hellana,
969 2307 996 2352 et
1021 2299 1161 2354 Gltoerob.

78 2383 169 2436 Bekk.
190 2381 266 2434 1194.
293 2377 352 2431 sine
381 2378 525 2448 exemplis
570 2378 660 2448 Saepe
684 2385 839 2450 βαρυντικαὶ
867 2395 1012 2437 vocantur:
1046 2388 1090 2439 Et.
1118 2389 1158 2442 Μ.

78 2463 1159 2541 ωανωμαπσωμαααωπααπαωπ,

77 2555 179 2609 Scholl.
197 2553 282 2606 Dion.
301 2552 367 2617 663,
385 2551 417 2604 11
436 2559 463 2603 ct
479 2552 545 2620 919,
563 2551 613 2619 16;
635 2552 712 2606 Eust.
731 2555 798 2620 165,
818 2555 850 2608 14
868 2564 896 2607 et
914 2557 977 2622 751,
997 2558 1029 2610 14
1047 2569 1099 2614 etc.

108 2667 136 2734 1)
170 2665 215 2720 Ita
231 2661 367 2716 Choerob.
386 2660 479 2714 Bekk.
498 2662 573 2717 1194.
598 2659 689 2718 πύντα
705 2661 740 2716 τύ
758 2652 846 2718 atriu*
863 2662 1021 2734 βαρύνεται,
1050 2666 1109 2720 ἐπεὶ
1126 2667 1161 2722 τύ

78 2749 159 2804 παλλύ
184 2745 251 2818 παρ’
274 2743 418 2804 Alalaiou
444 2743 603 2816 σύρίακεται.
626 2779 659 2788 -
699 2749 745 2802 Et.
773 2749 812 2802 Μ.
838 2753 903 2816 617,
929 2754 972 2804 51.
996 2751 1029 2806 τύ
1053 2751 1163 2808 σύνοιδα

77 2832 202 2893 Aioi-sudu
218 2836 274 2888 ἐστι
290 2831 367 2888 redd
384 2831 433 2886 σύν
448 2831 527 2887 πύναν
544 2831 710 2904 ἀνεβίβασεν,
729 2833 763 2887 cs.
783 2851 810 2903 p.
828 2837 894 2902 484,
912 2837 944 2902 4,
963 2846 991 2890 et
1007 2839 1079 2891 Ann.
1098 2841 1158 2894 Ox.

80 2925 135 2992 lv,
155 2925 218 2988 191,
237 2925 285 2988 19;
304 2920 359 2972 alia
378 2919 443 2972 vide
460 2928 517 2974 not.
536 2921 637 2974 1614.
657 2921 699 2973 11.
718 2923 766 2986 31,
785 2924 806 2988 5.
826 2923 874 2989 15,
894 2924 910 2976 1
930 2933 981 2976 etc.

110 3023 137 3084 3)
172 3018 200 3072 J.
220 3016 269 3070 Gr.
290 3013 399 3082 144,1).
422 3011 458 3067 τύ
482 3010 511 3067 dd
535 3010 682 3084 δισύλλαβα
703 3010 835 3080 ὀξυτόνως
856 3011 922 3084 παρ’
945 3012 1012 3084 ἡμῖν
1034 3016 1164 3090 λεγόμενα

79 3101 269 3173 βαριποναύσι·
294 3101 351 3156 οἵαν
376 3096 472 3170 cipes,
498 3097 590 3167 πύλας,
615 3098 720 3167 λεύκαν,
747 3095 825 3168 tigne,
851 3100 944 3169 κύπισ,
970 3103 1066 3176 dipsa,
1093 3103 1164 3175 ύνασ,

81 3187 172 3258 ἅρπας,
191 3186 301 3261 βρύμασ
319 3188 383 3255 (leg.
403 3183 496 3258 βῶμσσ
513 3205 529 3241 e
548 3187 632 3255 Greg.
650 3188 703 3254 G.),
721 3185 821 3257 αρύχνσ
839 3189 905 3256 (leg.
925 3189 1046 3260 τρύχυε),
1065 3190 1162 3262 θύμον,
1205 3209 1210 3222 ·
1254 3187 1256 3196 ’

80 3291 200 3363 ακλῆροσ,
226 3287 314 3358 κῶλον.
350 3291 435 3358 Grcg.
454 3291 519 3344 Gor.
538 3293 598 3344 617.
622 3289 724 3343 omittit
745 3307 827 3345 voces
844 3291 874 3344 iu
888 3279 929 3360 ἶς’,
958 3293 1037 3348 addit
1054 3291 1165 3365 βρύύνσ,

80 3377 177 3451 βύρσας
196 3377 312 3430 Mearm.
331 3378 390 3432 661.
408 3377 467 3429 sola
486 3376 569 3430 habet
586 3373 684 3446 edors,
701 3372 790 3433 acilas.

111 3477 139 3542 4)
174 3475 253 3528 Eust.
272 3473 361 3535 15,1.
386 3471 630 3540 πραπαρσξνντιαα1
656 3467 708 3541 γάρ
733 3467 798 3524 εἰσιν
823 3469 853 3527 σι’
865 3469 974 3529 Alana
997 3471 1026 3530 ἓν
1049 3475 1166 3544 cotton,

81 3557 115 3616 σύν
132 3557 211 3628 dolel
227 3564 272 3612 nat
288 3554 321 3612 τύ
338 3554 450 3611 ύύνατσε
466 3554 538 3624 παρ’
555 3554 646 3610 adroic
656 3557 928 3630 προπαρσξννύμσνον
938 3569 983 3615 καὶ
995 3567 1080 3632 μυρία
1092 3559 1168 3616 ma.

82 3649 168 3702 Recte
192 3644 353 3700 emendatur
371 3643 492 3698 Gramm.
512 3642 540 3696 ia
557 3645 630 3696 Ann.
649 3639 770 3711 oxyn,
788 3649 856 3712 368,
876 3649 926 3715 15,
955 3649 1005 3715 qui
1029 3651 1101 3704 male
1121 3646 1168 3702 51-

82 3738 199 3804 θέμσναι
214 3731 359 3785 Aeolicum
377 3729 472 3783 dicens
491 3729 584 3796 addit,
601 3725 651 3782 cais
667 3727 749 3791 λέξειν
765 3727 904 3801 α’γαπύύσιν
921 3735 1167 3808 (πρα)παρσξύναν.

115 3831 143 3896 5)
180 3827 230 3882 Gr.
255 3827 370 3881 Mearm.
389 3829 449 3880 661.
474 3825 518 3891 (et
539 3824 604 3878 item
629 3824 729 3878 leviter
751 3839 897 3900 corruptus
918 3831 945 3884 J.
974 3831 1024 3885 Gr.
1043 3829 1169 3896 144,1).)

83 3911 248 3984 περισπῶσιν
264 3909 300 3966 eit
316 3909 417 3966 ἕπύπαν
433 3909 469 3964 rol
485 3906 672 3980 μονοσύλλαβα
690 3906 827 3982 tropaea,
852 3915 920 3984 ῥιύξ,
951 3915 1047 3982 πτιύξ,
1077 3911 1169 3986 docio,

84 3997 179 4068 κραύσ,
198 3995 278 4068 (lois,
294 3995 396 4065 θρσύν,
412 3995 491 4069 βαύσ,
510 3994 600 4062 potr,
618 3994 695 4065 ναύσ,
713 3998 777 4068 χῇν,
796 3999 871 4059 Zela.
910 4003 1051 4070 Pleraque
1070 4017 1106 4054 ex
1125 4001 1170 4054 his

86 4102 139 4140 non
153 4094 222 4141 ¹sunt
238 4101 305 4138 vere
322 4084 451 4155 Aeolica3
481 4101 542 4138 nam
558 4079 619 4136 edos
639 4084 667 4136 in
692 4081 743 4137 vole
761 4089 886 4144 contrahi
905 4089 1040 4155 debebat,
1069 4087 1094 4142 si
1118 4104 1168 4142 un-

89 4187 167 4237 quam
183 4179 353 4226 contractum
370 4181 426 4239 cst,
443 4167 507 4239 viv,
524 4181 554 4226 ut
571 4169 645 4240 apud
662 4170 770 4237 Dores,
788 4173 806 4226 ἃ
826 4174 937 4230 habere.
1135 4165 1138 4172 ⁴

90 4423 161 4513 .7‘
