2710 4820
166 328 200 425 ὅ.
218 331 280 412 54.
331 331 557 442 Dereliquis
576 329 740 408 dialectis
755 333 1030 410 Pseudaeolicis.
1083 334 1159 416 237

66 535 146 622 adv,
169 537 313 603 Doricus
333 547 477 604 vocatur.
523 534 569 600 Aa
589 535 811 604 Doriensilms
831 533 928 606 illum
950 561 1072 608 morem
1095 566 1161 609 non

66 640 132 704 alia
161 639 201 734 de
223 663 321 705 cansa
346 638 510 723 adscribi,
539 639 636 729 quum
665 636 753 728 quod
774 638 941 726 Pindaro,
969 643 1066 729 cujus
1095 644 1164 712 dia·
1256 687 1258 694 ι

65 741 188 806 lectum
216 741 371 806 Doricam
396 739 575 828 putabunt,
610 741 766 829 proprius
798 752 870 826 cst,
909 754 942 809 et
968 744 1163 813 Eustathius

66 843 178 932 prodit
199 854 232 909 et
252 841 345 932 prius
366 841 569 931 reliquorum
591 841 796 930 exemplum,
826 843 917 934 quod
938 856 990 912 est
1010 847 1161 913 Pindari·

68 967 145 1010 cum
168 968 186 1009 e
206 943 300 1009 Dith.
323 942 365 1006 fr.
389 943 421 1008 3.
467 941 593 1008 Eodem
615 943 848 1029 ditaturum,
879 947 938 1036 qni
961 949 992 1013 ἐν
1013 972 1088 1014 cnm
1108 973 1165 1018 ac-

67 1045 217 1112 cusativo
249 1057 282 1112 et
309 1043 444 1110 Boeotis
473 1054 507 1109 et
534 1044 680 1110 Pindaro
708 1044 869 1111 tribuunt.
898 1048 966 1114 vid.
990 1052 1022 1134 ξ.
1045 1051 1108 1137 47,
1128 1054 1161 1120 2.

65 1146 245 1237 Nunquam
266 1145 321 1210 hic
343 1169 424 1211 usus
452 1145 489 1210 in
509 1146 584 1234 puri
607 1147 756 1212 Dorismi
782 1148 931 1216 lontibus
952 1151 1163 1240 observatur-3

66 1260 196 1338 practer
215 1248 395 1314 Pindarum
419 1243 499 1335 (vid.
523 1258 688 1338 praeterea
708 1248 807 1338 Pyth.
830 1249 949 1334 11,11.
971 1253 1026 1336 86,
1039 1253 1086 1339 V,
1107 1255 1164 1337 36)

67 1360 104 1414 et
122 1350 265 1415 Boeotos
285 1372 354 1414 uon
380 1346 589 1438 reperiuntur
609 1349 677 1415 nisi
705 1351 785 1416 haec
805 1353 971 1441 exemplar
1010 1355 1046 1420 in
1067 1357 1165 1425 titulo

66 1450 232 1540 Delphico
253 1450 355 1535 1688,
377 1450 417 1516 15
440 1450 472 1514 ἐν
494 1448 620 1515 δύνασιν
642 1453 719 1517 etl.
741 1452 784 1518 49
806 1450 868 1517 ἔντε
889 1477 948 1543 pro
972 1453 1053 1540 ἔςτε,
1076 1457 1165 1547 quod

68 1560 121 1617 e'st
142 1575 183 1616 ex
210 1551 294 1627 ε’ςόνε
320 1562 453 1634 natum,
490 1549 525 1614 in
546 1551 799 1641 Hyampolitnno
827 1555 913 1644 apud
932 1554 1089 1624 Rossium
1110 1584 1162 1625 nr.

68 1654 112 1721 85
134 1653 165 1718 ἓν
188 1652 321 1732 αὐτοὺς,
350 1653 386 1718 in
406 1651 598 1716 Aetolorum
620 1654 759 1720 decretis
780 1655 883 1740 2350,
905 1657 984 1723 6τᾶ
1006 1661 1038 1723 ἐν
1058 1663 1166 1726 Airai-
1212 1735 1217 1746 Ι

71 1758 142 1820 λίαν
164 1753 374 1839 καταγόμενα,
396 1753 421 1818 1.
444 1754 465 1819 9
485 1753 735 1838 πρεσβεύσαντας
748 1757 787 1826 ,ἐν
807 1759 898 1837 Κέω,
922 1784 972 1826 nr.
996 1762 1098 1841 3046,
1122 1762 1165 1830 18

68 1860 102 1922 ἐν
121 1855 194 1933 τούς
214 1856 345 1940 νόμους,
368 1853 457 1944 quod
478 1878 519 1920 ex
538 1853 686 1922 Hcsselii
706 1855 842 1923 meliore
863 1863 1047 1950 apographo
1068 1864 1163 1929 resti·

66 1959 225 2025 tuendum
247 1971 297 2024 ost
323 1982 382 2046 pro
415 1958 458 2030 εἰς
478 1953 551 2030 τούς
578 1954 709 2038 νόμους,
751 1959 841 2048 quod
856 1959 1046 2026 Boeclaliius
1068 1962 1163 2029 ctis·

68 2062 162 2127 hullo
181 2060 306 2125 nullius
328 2057 404 2126 fidei
426 2056 551 2121 homini
571 2069 738 2147 acceptum
761 2060 858 2126 debet
871 2057 919 2148 ⁴),
940 2071 1104 2149 postremo
1125 2065 1162 2130 in

16 2191 19 2198 ¹
67 2162 373 2228 Thaumaccnsibus
406 2159 500 2224 1771.
526 2158 609 2225 1772
635 2183 694 2248 pro
723 2162 773 2224 ε’πῖ
795 2160 849 2225 ’τὸν
881 2161 1000 2226 ἅπαντα
1036 2153 1160 2251 χρόνον,

70 2264 161 2355 quod
182 2263 367 2330 Boeclshius
396 2284 414 2324 e
440 2258 616 2326 Dodwello
644 2262 787 2350 reecpit,
820 2263 981 2348 Lcalrius,
1020 2265 1162 2355 insignis
1196 2343 1199 2356 ‚

67 2368 121 2434 vir
140 2365 237 2450 fidei,
277 2368 308 2430 ἐν
328 2364 381 2430 τὸν
403 2361 434 2427 ἅ.
456 2387 486 2448 χ.
510 2361 626 2443 tradit,
664 2363 752 2451 quod
779 2389 881 2453 quum
907 2369 1068 2454 praeferre
1096 2393 1164 2436 nou

69 2468 276 2544 dubitemus,
315 2465 395 2531 adeo
418 2464 454 2529 in
476 2488 528 2528 ur.
553 2465 652 2549 1773,
694 2465 752 2552 qui
773 2489 792 2530 α
814 2466 885 2531 solo
905 2466 1080 2534 Dodwello
1100 2459 1164 2537 tia·

70 2571 179 2654 ditur,
202 2570 289 2634 idem
311 2593 329 2633 e
351 2567 539 2652 conjectura
558 2565 796 2632 restituendum
817 2589 893 2632 esse
908 2567 1107 2653 judicamus.

155 2671 234 2736 Alia
252 2671 325 2756 ejus
349 2667 479 2759 generis
502 2676 596 2732 sunta
619 2667 812 2752 παρέχοισαν
832 2668 867 2732 in
887 2669 983 2734 titulo
997 2669 1163 2758 Delphico

70 2773 157 2842 1702
177 2796 237 2862 pro
258 2773 439 2857 παρέχοιεν,
471 2793 570 2858 quum
600 2768 733 2856 longior
752 2771 831 2834 liaeo
853 2770 1036 2836 terminatio
1058 2773 1162 2838 Boeo-

67 2877 114 2942 tis
135 2873 376 2962 tribui-soleat,
398 2869 465 2936 vid.
489 2865 520 2959 §.
540 2869 596 2953 40,
617 2870 703 2955 25),
726 2868 942 2936 domationem
963 2883 995 2938 et
1017 2872 1161 2969 ἀνατεθε-

68 3100 153 3166 1839,
170 3099 196 3153 3.
215 3093 280 3150 ἔθυε
296 3088 460 3164 Δωριεῦσιν,
479 3089 513 3153 uic
530 3098 576 3147 ιιαλ
593 3091 623 3148 ἓν
638 3095 696 3150 ruit
713 3090 763 3149 acii
778 3089 918 3164 Πινδάρου
936 3095 1081 3165 φαίνεται,
1098 3111 1162 3148 σνν-

57 3182 177 3240 τιῖσσιιν
188 3177 263 3236 ’ἔστιν
280 3174 326 3235 ὅτι
341 3177 439 3250 τήνέν
455 3178 591 3251 πρόθεσιν
607 3178 677 3250 μετὰ
694 3178 856 3249 αιάιασιιιῆι.

104 3281 136 3344 4)
169 3277 331 3331 Boecklrius
349 3276 402 3329 hoc
420 3276 566 3346 praetulit,
592 3275 668 3344 quod
686 3277 705 3329 l.
725 3279 767 3332 16.
794 3271 830 3335 ιιί
846 3272 909 3330 vods
925 3273 1024 3346 νόρσνε
1040 3275 1100 3329 sine
1117 3291 1164 3330 va·

67 3363 115 3419 ria
132 3363 251 3418 lectione
268 3374 359 3432 extut3
386 3380 476 3431 neque
494 3374 583 3417 tamen
601 3372 658 3429 est,
685 3377 735 3414 cur
752 3361 782 3414 in
799 3361 881 3416 titulo
899 3361 953 3415 Tei
969 3378 986 3416 a
1003 3362 1072 3432 Tejo
1090 3361 1164 3416 haud

69 3451 158 3505 dubie
176 3449 265 3506 inciso
284 3449 366 3503 talem
384 3448 498 3502 dialecti
516 3447 724 3502 inconstantiam
741 3448 881 3502 miremur.

105 3539 135 3605 5)
169 3537 294 3592 Eandem
320 3535 556 3602 terminationem,
592 3535 782 3588 hellenisticae
808 3533 922 3602 linguae
954 3535 1164 3604 frequentatam,

67 3621 222 3678 Heraclide
240 3639 285 3693 ap.
303 3623 381 3676 Eust.
401 3625 482 3689 1759,
500 3624 535 3677 36
562 3630 631 3676 teste
651 3618 680 3675 oi
700 3618 736 3695 τῇ
751 3616 867 3695 'Acirim
885 3617 962 3695 φανῇ
980 3631 1008 3676 et
1025 3618 1055 3676 αἱ
1067 3616 1165 3688 Ἕλλη-

64 3713 188 3777 ottones
209 3708 239 3765 ἒν
255 3711 366 3776 Κιλικίᾳ
390 3709 551 3776 utebantur,
577 3701 727 3763 secundum
749 3711 822 3761 Anu.
840 3707 934 3761 Bekk.
955 3710 1003 3774 91,
1024 3709 1057 3762 14
1083 3703 1166 3762 Ἀλε-

64 3795 208 3874 ξανιλριῒε,
237 3806 333 3849 contra
350 3795 500 3850 secundum
516 3794 731 3864 Aristophanem
755 3793 896 3864 achust.
917 3795 1003 3861 1161,
1018 3796 1056 3848 30
1081 3781 1175 3845 Cluil-¹

65 3885 213 3949 eldeum,
239 3897 320 3948 quem
338 3897 422 3948 quum
440 3879 489 3932 alii
507 3880 616 3948 sequuti
633 3879 689 3934 sint
716 3880 790 3948 (vid.
809 3879 943 3936 lllaittair.
962 3879 1006 3933 ed.
1024 3879 1106 3933 Stura
1136 3896 1164 3948 p.

64 3975 132 4041 299)
151 3968 226 4042 apud
244 3969 340 4022 Treta.
358 3968 392 4022 ad
410 3967 480 4036 Lyc.
499 3967 531 4020 21
548 3977 624 4020 recte
642 3967 810 4021 Maittairius
832 3962 979 4032 ι’σκᾰζοσαν
996 3959 1165 4020 Χαλιιδιιιδν

63 4051 285 4131 prb'Xaidot'uo'r
300 4055 359 4122 legi
374 4055 462 4122 jubet,
479 4069 531 4106 uec
549 4052 637 4106 miuus
654 4063 813 4124 corruptum
832 4049 1071 4119 εεῑΚσλχηδανέιιν
1088 4051 1163 4122 apud

62 4145 206 4202 Choerob.
224 4141 317 4196 Bekk.
337 4143 404 4196 1294
423 4158 439 4194 e
457 4135 625 4194 Χαλκιδέων.
662 4142 780 4196 Temere
797 4139 919 4194 Phavor.
948 4136 978 4190 in
995 4136 1068 4192 Lex.
1091 4151 1114 4188 s.
1137 4153 1163 4190 v.

60 4229 201 4305 ε’φιῖγσσαν
217 4229 353 4285 Doricum
372 4243 470 4281 vocare
488 4225 607 4282 videtur.
