2710 4820
215 344 293 424 234
485 347 544 424 De
568 345 731 425 dialectis
757 350 1030 429 Pseudaeolioia.

213 567 287 641 tur,
318 565 355 622 ut
378 555 543 642 Ἡρακλῆς
561 555 665 622 Ross.
694 581 745 622 nr.
769 555 809 642 7,
842 564 1013 641 Λαμοκλῆς
1042 586 1094 630 nr.
1119 566 1206 634 1512
1225 579 1298 654 ete,

212 659 249 724 in
289 657 434 748 obliquis
463 657 593 725 casibus
620 682 718 728 voces
749 658 785 723 in
816 659 939 743 finon
973 667 1232 755 contrahuntur,
1270 681 1300 736 ut

212 759 429 844 Ξενοφάνεος,
458 761 626 842 Τιμοκλεός
647 761 730 828 1513
751 773 814 829 etc.
1222 851 1226 854 Ι

301 861 467 946 Quantum
505 862 608 954 igitur
635 861 785 949 judicare
815 863 912 951 lieet,
953 865 1116 934 Arcadica
1149 869 1299 939 dialectos

213 965 279 1033 alia
299 963 441 1031 habehat
460 987 541 1062 enm,
556 965 705 1030 Dorihus
727 975 760 1030 et
779 965 942 1033 Aeolilrur
964 969 1173 1054 eommunia,
1206 985 1244 1039 nt
1262 974 1299 1040 di·

212 1091 360 1158 gamma,
391 1069 490 1156 ipro
511 1074 551 1152 ἦ,
568 1073 608 1129 -ῶ
628 1090 688 1156 pro
711 1067 765 1150 oo,
794 1069 859 1134 alia
889 1071 1046 1137 severiori
1064 1069 1227 1142 Dorismo
1246 1079 1302 1143 lere

212 1169 369 1261 propria²
392 1171 531 1236 maxime
553 1191 703 1260 asperum
728 1191 788 1257 pro
811 1171 916 1260 sigma
937 1181 970 1236 et
989 1172 1303 1262 terminationem}

210 1295 272 1361 pro
286 1269 353 1354 Tei,
383 1271 447 1337 alia
467 1295 570 1360 paene
591 1269 787 1358 peculiaria,
811 1282 849 1337 ut
870 1277 909 1336 ἇῦ
930 1273 966 1338 in
987 1274 1145 1364 genitivis
1168 1279 1303 1349 declina·

211 1373 314 1441 tionis
335 1373 470 1462 primae.
521 1372 617 1439 Nihil
637 1373 817 1461 reperitur,
847 1375 935 1443 uude
955 1377 1075 1451 arctior
1096 1400 1174 1444 enm
1196 1382 1303 1450 Aeoli-

210 1477 262 1541 cis
285 1477 433 1542 dialectis
461 1475 623 1565 cognatio
641 1484 793 1564 appareat
821 1486 854 1542 et
875 1475 1030 1544 Straboni
1051 1477 1208 1550 Mendes
1227 1487 1303 1554 Aeo-

209 1578 275 1646 liee
296 1580 451 1670 loquutos
473 1601 548 1648 esse
569 1575 870 1668 affirmantialiqua
891 1577 974 1646 tides
994 1581 1139 1647 accedat.

698 1813 730 1909 a.
761 1817 816 1890 54.

379 1957 442 2012 lle
462 1956 620 2022 reliquls
643 1957 814 2010 dtnleotla
838 1921 1137 2018 Pseudneollclr.

296 2098 338 2174 1),
368 2093 423 2162 De
443 2093 651 2160 Achaeorum
678 2092 818 2160 dialecto
848 2093 933 2162 nilril
960 2097 1031 2162 lere
1059 2096 1143 2164 certi
1166 2125 1305 2192 comper·

209 2211 280 2266 tunt
293 2198 471 2262 habemus.
530 2197 666 2262 Praeter
685 2220 807 2285 paucas
836 2199 1156 2287 grammaticorum,
1173 2209 1306 2272 maxime

211 2299 394 2388 Hesychii,
415 2297 566 2387 glossas,
594 2295 682 2364 unde
704 2297 789 2365 nihil
812 2298 852 2364 (le
874 2299 1009 2390 linguae
1029 2300 1143 2370 indole
1165 2319 1306 2396 apparet,

210 2402 310 2467 unica
331 2401 400 2466 iere
431 2389 608 2488 inscriptio
628 2397 669 2464 C.
693 2399 721 2464 l.
750 2413 803 2464 nr:
828 2401 914 2471 1542
935 2413 1105 2492 superest,
1135 2429 1227 2496 qnae
1248 2433 1307 2475 non

146 2582 149 2594 ἱ
208 2515 277 2570 tota
303 2502 432 2592 vulgari
464 2501 577 2592 lingua
610 2501 742 2584 utitur,
776 2501 834 2568 sed
849 2505 1023 2570 'nonnulla
1056 2505 1168 2594 plone*
1189 2508 1307 2576 Dorica

208 2606 363 2699 praehet,
386 2603 482 2686 εἶμεν,
507 2602 609 2687 δόμεν,
633 2605 819 2689 dopaopyoio.
864 2603 909 2670 Et
928 2605 1081 2674 Achaeos
1105 2611 1125 2670 ἆ
1147 2607 1306 2678 Doricum

208 2731 270 2801 pro
297 2706 427 2796 vulgari
457 2717 479 2784 ῆ
505 2705 673 2771 habuisse¹
692 2717 725 2771 et
750 2705 961 2793 magistratus
986 2711 1162 2792 dopeopyoio
1191 2737 1307 2780 nomen

209 2811 307 2878 etiam
328 2807 461 2874 aliunde
482 2818 595 2874 notum
619 2807 706 2888 (vid.
730 2807 863 2906 Boeelsh
885 2809 927 2874 ad
949 2835 1001 2876 nr.
1024 2813 1045 2877 4
1066 2821 1099 2876 et
1122 2813 1232 2903 1542)
1261 2818 1308 2882 in·
1345 2859 1346 2890 o

209 2911 298 2978 dicat
327 2921 360 2977 et
382 2909 494 2996 ἀρετᾶς
517 2911 552 2974 in
583 2911 679 2985 titulo
701 2911 854 2976 Patrensi
877 2911 970 2977 1544.
1016 2913 1135 2998 Unde,
1167 2919 1307 3007 quaein
1345 2923 1346 2930 ’

83 3015 112 3060 -“
207 3033 262 3080 nr.
287 3014 371 3081 1542
391 3011 501 3077 Attica
523 3013 732 3101 reperiuntur
754 3011 879 3096 εἰρήνης
901 3017 954 3077 καὶ
977 3014 1056 3079 κατὰ
1076 3020 1134 3100 γῆν
1155 3018 1309 3085 καὶκατὰ

187 3115 367 3183 ’θάλατταν
386 3123 464 3198 eto,
487 3113 528 3179 ab
551 3115 685 3204 antiqua
700 3113 906 3180 Achaeorum
928 3115 1068 3184 dialecto
1089 3118 1202 3186 aliena
1226 3147 1307 3198 esse,

207 3217 412 3303 confidenter
433 3215 630 3282 contendere
651 3215 741 3284 lieet.
790 3215 934 3282 Achaeis
954 3219 1087 3308 propria
1106 3231 1160 3286 est
1180 3247 1308 3314 eorrep-

208 3322 257 3388 tio
279 3321 315 3386 in
339 3316 523 3407 depropyde,
557 3318 598 3385 de
621 3343 684 3408 qua
705 3328 833 3384 constat
853 3341 872 3384 e
894 3343 946 3384 nr.
971 3321 1066 3388 1542.
1090 3323 1187 3390 1543.
1217 3327 1308 3409 1567,

210 3424 290 3490 dum
322 3421 498 3512 'scriptores
524 3421 647 3488 Dorica
681 3414 792 3487 forma'
814 3423 996 3506 doproopyoi
1028 3431 1085 3487 ant
1124 3424 1310 3516 δημιουργοὶ
1345 3427 1346 3460 ¹

117 3589 120 3600 Α
153 3587 155 3596 a
207 3535 371 3605 nauatae*
405 3523 559 3591 Ceterum
576 3525 729 3590 Achaeos
750 3518 1049 3614 Doricc'loquutos
1071 3549 1167 3609 esse,
1194 3531 1310 3597 confir

208 3637 276 3695 mat
296 3625 476 3693 Strabonis
490 3626 714 3692 testimonium
737 3619 783 3713 (ξ.
807 3626 825 3691 1
848 3637 917 3692 ιιοῑ.
942 3626 999 3712 l),
1022 3637 1130 3722 uuum
1153 3629 1313 3699 Doricam
1345 3645 1346 3710 l

209 3731 385 3822 linguam,
430 3729 653 3795 invalescente
693 3726 905 3793 Dor-icosium
946 3749 1004 3818 per
1041 3729 1313 3818 Peloponnesum
1345 3731 1346 3798 Ϊ

209 3831 399 3899 auctoritate
433 3831 602 3921 paullatim
638 3829 884 3918 adoptaverint,
924 3849 1007 3919 quae
1041 3840 1093 3896 est
1134 3829 1312 3901 Strabonis

209 3934 345 4026 opinio,
367 3957 410 3998 an
430 3931 612 4023 antiquitus
635 3931 774 3998 dialecto
800 3929 901 3996 simili
922 3932 975 3998 usi
998 3932 1077 4016 sint,
1099 3955 1168 3998 non
1190 3935 1311 4027 liquet.
1345 3997 1346 4016 ,

295 4032 337 4124 2)
372 4035 556 4128 Aliquanto
587 4033 706 4100 melius
738 4043 865 4100 constat
892 4032 933 4101 de
962 4034 1079 4124 lingna
1108 4033 1311 4119 Locrorum,

210 4137 455 4220 Phocensium,
477 4135 691 4220 Aetolorum,
713 4137 936 4220 Acarnanum,
958 4161 1097 4226 quorum
1117 4136 1311 4232 inscriptio

211 4263 272 4307 nes
292 4237 380 4306 lraud
400 4261 522 4331 paucas
543 4238 722 4324 habemus,
751 4235 897 4332 nondum
919 4229 1048 4330 vulgaii
1075 4237 1197 4330 lingua
1220 4265 1308 4310 usar.
