2748 4832
395 303 433 376 iu
460 303 684 379 universum.
723 308 756 398 δ.
787 311 819 382 l.
918 294 921 300 ’
1124 313 1149 390 5

69 511 317 602 discrepuerint,
349 521 384 576 ut
413 511 453 576 ad
474 534 584 575 omnes
607 513 726 579 Aeolcs
747 515 861 578 referri
892 516 1036 604 possint,
1067 505 1146 607 qrrae

67 612 104 676 de
136 610 273 698 singulis
300 610 465 674 tradantur
492 622 524 676 ct
552 614 689 676 maxime
717 638 797 700 quae
819 616 953 680 Aeolica
981 629 1146 708 iocentur,

67 712 127 775 uisi
147 712 186 777 do
206 711 404 798 reliquorum
424 711 602 800 differentia
624 725 758 778 constet.
805 715 910 798 Quem
930 704 1147 804 perniciosum

66 833 202 876 errorem
221 811 311 874 lorea
332 813 578 900 propellendum
600 837 683 896 csse,
707 815 911 880 Aeolicarum
926 818 1145 902 dialectornm,

65 936 156 1000 quam
185 911 270 976 infra
298 907 347 996 (ᾖ.
372 913 431 991 51)
462 913 683 994 instituemus,
724 916 916 1004 consparatio
946 918 1145 983 lucidissime

65 1011 201 1078 docebit.
252 1011 435 1100 Apparebit
466 1011 568 1091 onim,
602 1014 761 1080 Aeolibus
790 1017 922 1085 Asianis
954 1029 986 1083 et
1016 1020 1146 1085 Boeotis

63 1113 143 1178 nihil
163 1114 421 1177 terecommune
443 1136 535 1193 esso,
558 1112 641 1199 quin'
660 1113 744 1176 idom
767 1115 808 1178 sit
828 1116 1049 1199 Doriensium,
1072 1142 1146 1184 con·

63 1225 110 1278 tra
135 1213 246 1277 multis
272 1210 469 1299 gravissimis
497 1213 594 1276 rebus
623 1213 666 1276 ita
697 1238 806 1279 eorum
830 1215 983 1280 dialectos
1006 1219 1145 1303 differre,

64 1326 98 1380 ut
123 1325 257 1401 utraque
284 1313 341 1378 vix
369 1312 461 1376 alteri
489 1323 623 1398 cognata
644 1315 825 1397 videretur,
858 1317 921 1380 nisi
944 1317 1144 1400 Thessalica,

63 1416 164 1480 uredia
185 1414 386 1496 interillos,
414 1424 509 1502 atque
530 1414 657 1501 utrique
678 1417 762 1480 haud
785 1418 882 1482 dubio
903 1420 1025 1500 affinis,
1053 1421 1146 1486 ‹lissi-

62 1517 153 1582 miles
175 1539 302 1580 sorores
317 1513 426 1597 eadem
447 1527 547 1578 matre
569 1525 654 1580 ortas
677 1538 747 1580 csso
770 1517 930 1605 proderet.
976 1520 1145 1586 Praeterea

62 1617 303 1704 grammaticos,
334 1614 391 1678 ubi
412 1614 452 1676 de
473 1615 607 1678 Aeolica
631 1617 767 1682 dialecto
790 1619 984 1705 loquamur,
1020 1645 1146 1710 semper

61 1722 127 1782 lere
149 1717 187 1782 de
209 1715 369 1780 Aeolibus
390 1715 545 1796 Asianis,
582 1740 654 1783 raro
677 1717 716 1780 do
738 1717 867 1782 Boeotis
891 1722 942 1789 rel
962 1721 1144 1804 Thessalis,

60 1843 222 1906 uunquam
244 1817 284 1880 de
311 1815 459 1880 omnibus
480 1815 640 1881 Aeolibus
669 1818 845 1903 cogitasse,
882 1821 958 1884 satis
987 1821 1062 1885 inde
1091 1846 1145 1911 ap·

60 1930 169 2008 paret,
211 1917 298 2006 quod
326 1940 407 2004 quae
435 1917 570 1982 Aeolica
601 1929 773 2000 vocantur,
811 1943 848 1982 ea
880 1922 949 2008 ipsa
982 1922 1144 1988 rarissime

59 2020 191 2086 Asianis
213 2029 246 2082 et
265 2018 397 2082 Boeotis
419 2018 599 2082 communia
630 2029 723 2099 sunt,
758 2027 789 2080 et
809 2020 935 2106 utrique
964 2021 1060 2085 simul
1087 2045 1169 2091 non

59 2121 174 2184 minari
196 2120 320 2199 solent,
342 2118 370 2182 si
392 2119 542 2184 convenit
562 2119 647 2182 inter
667 2143 734 2186 eos.

142 2223 181 2298 4)
214 2220 305 2302 Quae
334 2243 432 2307 quum
461 2219 504 2284 ita
527 2219 610 2299 sint,
642 2245 710 2284 rem
738 2220 782 2284 ita
803 2219 1029 2284 instituendam
1053 2221 1144 2286 duxi,

60 2348 148 2406 mus,
178 2333 214 2385 ut
242 2321 281 2386 dc
311 2318 447 2405 siugulis
476 2319 621 2385 dialectis
642 2321 788 2386 Aeolicis
816 2347 1000 2408 ageremus,
1029 2324 1144 2388 Aeoli-

58 2425 119 2489 bus
162 2421 296 2488 Asianis
337 2421 444 2485 omnia
493 2420 675 2486 dubitanter
718 2423 1000 2504 adscriberemus,
1061 2449 1142 2512 quae

60 2549 157 2614 quum
185 2521 322 2588 Aeolica
355 2545 373 2585 a
405 2521 621 2606 grammaticis
648 2535 820 2605 vocentur,
853 2549 918 2588 nou
939 2524 1143 2613 reperiuntur

59 2626 143 2716 apud
169 2631 281 2714 poetas
310 2621 580 2710 Lesbios-neque
608 2623 643 2687 in
665 2625 814 2688 Aeolidis
836 2624 998 2690 Asiaticae
1025 2625 1141 2707 titulis,

58 2749 162 2814 neque
194 2747 231 2788 ea
262 2722 296 2786 iu
318 2724 432 2786 horum
453 2723 589 2788 dialecto
617 2727 779 2788 tractanda
801 2726 929 2790 silentio
951 2726 1148 2796 transmittes

57 2849 185 2907 remus,
226 2847 306 2912 quae
334 2823 494 2887 Aeolibus
524 2824 662 2906 tributa,
695 2826 847 2890 Boeotioa
872 2826 924 2888 vel
953 2825 1143 2889 Thessalica
1217 2852 1222 2864 ·

57 2927 176 3008 luisse,
206 2923 418 2989 certissimum
439 2923 577 2988 videtur.
602 2965 643 2975 -
686 2924 813 2992 Deinde
835 2926 929 2990 etiam
952 2924 991 2990 de
1013 2925 1141 3008 ceteris,

57 3051 137 3115 quae
159 3027 257 3111 vulgo
278 3024 432 3089 Aeolieae
459 3024 634 3107 habentur,
670 3023 815 3089 dialectis
839 3025 1011 3107 Eleorum,
1040 3025 1141 3092 Arca*

58 3129 150 3204 dum,
174 3125 310 3190 aliorum
330 3125 631 3190 Pseudaeolicarum
653 3126 782 3190 nomino
799 3126 1052 3215 disputabimus,
1075 3149 1140 3214 quo

58 3229 172 3293 molius
202 3234 371 3314 appareat,
410 3225 530 3313 optimo
555 3227 630 3312 jure
653 3239 762 3292 contra
785 3228 953 3292 Strabonis
973 3228 1140 3292 auctorita·

57 3340 119 3400 tour
141 3353 182 3396 ex
203 3327 410 3394 Aeolicarum
431 3349 564 3392 numero
586 3352 639 3392 eas
669 3353 687 3392 a
713 3327 807 3392 nobis
829 3340 969 3401 exemtus,
990 3349 1072 3394 esse.
1098 3364 1140 3380 -·

103 3607 192 3693 lte
220 3601 469 3731 dialecto
490 3595 733 3688 Aeolum
748 3560 1090 3692 Asianorum.

549 3773 579 3866 ς.
610 3779 641 3844 2.

471 3885 531 3968 lle
549 3919 725 3968 fontibus.

139 4041 174 4123 1)
207 4038 439 4106 Grammaticos
468 4038 638 4126 antiquos,
675 4037 731 4100 ubi
771 4049 901 4102 monent
936 4038 975 4101 de
1004 4034 1141 4101 dialecto
1227 4119 1230 4127 Ι

57 4138 211 4224 Aeolica,
251 4163 414 4229 nunquam
449 4141 516 4205 fere
549 4163 615 4208 nou
652 4137 832 4225 intelligere
873 4139 959 4204 solos
997 4133 1138 4205 Asianos
