2748 4832
1109 319 1161 394 Xi

79 527 213 593 illorum
242 537 371 616 peccata
397 526 492 593 tacite
524 527 683 592 demirare.
749 525 888 617 Saepius
916 523 1039 592 Tecum
1065 477 1162 618 mam

80 686 155 728 curu
176 663 250 728 aliis
271 665 509 755 pugnavimus,
538 691 603 746 uon
621 679 689 755 'qrro
710 655 839 756 saepius
859 665 915 732 Te
941 667 1067 757 lapsum
1088 689 1161 732 cssc

77 799 318 886 judicaremus,
349 801 406 866 scd
427 801 503 892 quia
523 813 610 868 tanta
631 812 680 868 cst
700 801 773 868 Tua
794 803 879 891 apud
899 825 959 870 nos
978 803 1161 880 auctoritas,

82 946 119 1002 ut
139 958 235 1025 aegre
265 935 330 1026 ipsi
351 938 447 1004 uobis
468 938 690 1018 crederemus,
725 937 903 1031 siquando
925 965 944 1006 a
964 941 1014 1007 Tc
1035 939 1163 1008 dissen-

80 1075 229 1142 tiendum
249 1076 421 1142 videretur.

168 1215 210 1280 ln
241 1177 433 1306 Apperidicc
453 1214 596 1296 'Alcaei,
632 1214 803 1305 Sapphus,
835 1215 994 1282 Corinnae
1023 1221 1164 1286 carmina

80 1348 285 1434 addidimus,
320 1373 510 1439 quanquam·
523 1373 626 1438 nuper
652 1371 671 1414 a
693 1341 1023 1420 Schneidewino
1052 1365 1164 1420 nostro

83 1483 121 1548 in
169 1481 351 1549 Delectu
395 1485 499 1551 multo
525 1477 634 1575 'qnam
682 1496 775 1551 autea
824 1487 1038 1556 emendatiora
1078 1490 1164 1556 edita

84 1629 187 1686 eraut.
250 1618 298 1683 Aa
322 1619 460 1707 primum
486 1619 528 1688 id·
550 1621 779 1709 spectavimus,
817 1633 854 1688 nt
879 1623 988 1692 lucido
1016 1628 1163 1716 exemplo

85 1759 340 1842 declamemus,
376 1783 438 1848 qua
460 1753 596 1824 diilecto
624 1761 754 1827 iliorum
774 1762 916 1828 carmina
943 1786 1001 1830 usa
1021 1789 1095 1832 csse
1114 1775 1163 1831 ar·

83 1896 277 1962 bitraremur
290 1941 307 1982 ,¹
322 1871 434 1961 nostro
455 1896 586 1986 quidem
607 1897 772 1986 proposito
794 1898 994 1976 audaciorem
1016 1911 1164 1966 constan·

86 2033 163 2098 tiam
185 2031 359 2099 convenire
378 2030 459 2116 rati3
494 2041 658 2120 praeterea
677 2031 763 2096 baud
782 2055 919 2120 paucas,
951 2032 1069 2122 quibus
1090 2057 1164 2099 aen-

88 2193 146 2234 sus
172 2135 335 2256 tangitur,
372 2125 610 2232 emendationes
639 2164 842 2268 tentavimus.
908 2166 1063 2233 Ordinem
1098 2169 1163 2236 ira-

87 2311 291 2388 gmcntorum
311 2297 508 2366 servavimus
523 2297 873 2382 Schneidewinianurn,
895 2265 1039 2364 numeris
1059 2311 1165 2364 tamen
1229 2347 1232 2360 .

88 2437 279 2504 Matthianis
293 2447 332 2501 vet
351 2435 506 2504 Neviauis
526 2435 716 2525 adscriptis,
744 2433 924 2498 addidimus
948 2460 985 2500 ca
1012 2437 1162 2518 frustula,

91 2592 174 2657 quae
195 2568 253 2633 ille
281 2591 376 2632 snum
395 2567 567 2633 consilium
596 2576 725 2632 secutus
752 2543 889 2652 omisit,
911 2568 946 2631 iu
967 2568 1090 2633 notulis
1110 2592 1163 2634 eas

88 2701 246 2767 librorum
266 2699 422 2766 lectiones
443 2699 652 2779 enatavimus,
675 2673 757 2789 quae
776 2700 921 2790 proxime
942 2700 983 2764 ad
1003 2701 1164 2787 conjectu·

89 2865 143 2906 ras
163 2849 308 2928 receptas
328 2835 505 2920 accedunt,
534 2847 566 2900 et
592 2834 799 2918 brevissime,
827 2835 1018 2925 plerumque
1046 2836 1085 2900 ad
1107 2861 1163 2902 uo·

44 3009 47 3026 ³
92 2991 192 3044 strum
213 2975 360 3042 libellum
379 2972 432 3039 vel
452 2969 493 3036 ad
505 2969 653 3036 Muscam
670 2969 863 3034 Rhenanum
884 2969 1062 3058 ableganda
1079 2971 1163 3036 indi·

92 3114 257 3189 cavimus,
279 3134 337 3176 cur
355 3132 373 3174 a
394 3105 557 3198 prioribus
577 3074 770 3189 editoribus,
792 3105 927 3172 maxime
949 3130 967 3170 a
988 3105 1165 3171 Schneide-

92 3247 182 3314 wino
208 3228 460 3308 discesserimus,
515 3239 625 3322 Quum
651 3235 755 3316 e'niru,
783 3259 826 3302 ne
847 3235 923 3342 libri
943 3237 1045 3303 moles
1065 3237 1163 3302 nimis

92 3391 281 3471 angeretur,
318 3375 554 3452 emendationes
575 3341 717 3455 nostras,
748 3395 828 3460 quae
849 3373 1003 3460 ampliore
1024 3373 1163 3464 disputa·

92 3521 182 3587 tione
203 3501 353 3606 egerent,
374 3513 593 3582 Wclclcero
613 3509 921 3592 transmisissemus,
943 3535 1015 3599 pars
1035 3509 1071 3574 iu
1090 3510 1163 3576 Mu·

94 3658 145 3734 sei
162 3653 311 3720 Rhenaui
331 3652 395 3718 vol.
411 3649 472 3716 vl.
493 3649 572 3715 iasc.
597 3648 769 3726 11.xlucem
789 3647 882 3730 vidit,
903 3647 1038 3735 reliquis
1058 3670 1163 3737 spera·

94 3749 387 3858 muchlclrcrum
407 3785 442 3850 iu
462 3785 607 3874 proximo
627 3785 911 3852 fasciculolocum
925 3804 1161 3849 concessurum.

93 3925 134 3988 ln
154 3919 322 3988 Theocriti
349 3893 544 3987 carminibus
563 3919 709 3986 Aeolicis
736 3944 807 3986 raro
835 3944 853 3984 a
874 3919 1041 3985 codicibus
1062 3918 1163 3982 disce-

97 4061 171 4125 dere
209 4056 282 4124 ausi
316 4080 447 4140 sumus,
483 4055 559 4147 quia
594 4055 704 4138 latet,⁸
731 4077 826 4145 qrram
855 4063 999 4122 accurate
1027 4050 1165 4118 imitator
