2712 4820
332 320 365 429 v.
391 322 451 400 aa.
502 322 560 400 oa
584 319 774 402 arvernen.
1022 323 1096 404 155

37 527 179 594 interdum
199 527 233 594 ln
254 552 350 598 sarram
372 525 552 596 coalescere
566 531 611 608 ⁷).
665 525 735 595 Nee
756 527 910 616 leguntur
930 553 1018 598 nune
1040 556 1093 596 ex·

38 629 143 717 empla,
171 629 234 695 uisi
252 630 286 694 in
309 629 431 719 quihus
452 635 487 692 ῦῖ
507 652 566 718 pro
587 651 652 692 una
672 642 722 696 est
743 629 879 717 syllaba.
931 632 980 697 lta
1000 635 1092 711 wide,

36 731 118 812 bue,
146 728 180 794 S.
203 732 219 796 1
242 731 316 797 v.'5
339 741 378 796 ,et
398 729 537 794 Theoer.
559 729 621 812 28,
644 731 663 796 5
692 755 710 796 e
740 729 880 796 Seidleri
908 743 940 798 et
959 732 1095 820 Bergkii
1140 755 1143 760 ·

36 829 237 896 emendatione
264 856 323 920 pro
344 833 475 920 vulgato
501 831 573 917 τῇδε
603 829 681 910 (dno
709 828 786 896 libri
806 830 842 895 οὐ
864 834 936 919 δὲ);
956 867 959 876 =
977 835 1094 900 deiude

34 931 111 1007 mailoc
130 956 146 996 e
166 931 297 1022 Berghii
317 930 470 1019 palmaria
491 930 712 996 emendatione
734 930 770 995 S.
795 933 821 997 1'
837 957 868 998 v.
885 934 906 1000 6
927 936 959 1014 (e
980 933 1092 1022 nold);

35 1032 157 1121 denique
176 1034 210 1097 in
234 1034 336 1115 ἄλλοι,
366 1032 454 1122 qnod
476 1030 643 1098 Seidlerns
664 1032 806 1100 restituit
825 1035 901 1099 Ale.
924 1035 966 1102 69
994 1035 1094 1115 (libri

35 1133 95 1197 dito
114 1143 144 1198 et
166 1133 269 1215 ἄλλο).
313 1133 634 1211 Prisciannssdoeet,
663 1140 699 1196 ῦῖ
720 1131 831 1200 eadem
852 1135 975 1201 ratione
996 1161 1093 1203 onaan

35 1235 172 1321 syllabam
189 1237 335 1322 efficere,
356 1259 419 1322 qua
440 1233 525 1323 apud
545 1233 711 1300 Romanos
734 1234 875 1320 sqavis
896 1235 1094 1323 bisvllahnm

35 1337 84 1418 sit,
110 1337 302 1402 cuinullum
323 1335 418 1400 fidem
440 1335 618 1400 habendam
639 1335 850 1416 arbitramur,
873 1339 968 1425 quia,
992 1363 1093 1428 quum

31 1437 220 1505 'aloeativam
241 1434 327 1502 hand
349 1436 447 1506 dubie
468 1436 565 1502 breve
587 1436 643 1520 sit,
664 1437 762 1526 longa
785 1437 910 1524 syllaba
932 1461 1005 1502 esse
1026 1463 1093 1504 mon

32 1550 147 1625 posset,
167 1539 234 1606 uisi
255 1529 475 1627 diphthongus
497 1549 695 1602 nasceretur.
754 1537 870 1627 Neque
892 1538 964 1605 siue
985 1549 1093 1606 aneto·

32 1640 110 1706 ritate
135 1651 183 1706 est
204 1640 342 1728 simplex
363 1641 381 1702 ὗ
400 1663 460 1727 pro
482 1640 517 1702 isa
543 1638 716 1727 seriptum,
758 1663 859 1728 quum
886 1650 918 1704 et
937 1639 1093 1730 Dionysii

32 1741 142 1807 codices
166 1741 202 1806 in
225 1741 375 1830 Sapphus
397 1741 470 1805 loeo
500 1751 531 1806 et
553 1740 722 1805 Theocriti
748 1740 1000 1830 incorruptiores
1023 1741 1093 1806 adde

31 1842 151 1907 habeant
177 1852 209 1907 et
239 1839 399 1928 Hesychii
426 1839 515 1904 ούὸαι
542 1841 655 1906 eodem
683 1841 797 1924 ducat,
833 1865 893 1906 nee
918 1843 1027 1908 minus
1055 1843 1092 1907 in

30 1942 167 2010 libroro'm
187 1942 275 2031 apud
295 1941 424 2029 Sappho
449 1939 527 2006 πολὺ
548 1942 678 2006 facilins
699 1940 779 2017 πήλυ
797 1943 911 2024 lateat,
951 1944 1092 2031 deniqne

29 2043 80 2108 hoe
104 2047 228 2134 ipsum,
260 2043 289 2112 si
316 2053 403 2107 reete
418 2040 597 2106 Belsinon-us
625 2042 825 2125 emendavit,
864 2043 935 2108 sine
963 2044 1092 2110 dialecti

29 2149 143 2212 nornine
163 2147 247 2211 iuter
267 2143 418 2209 adverbia
439 2165 504 2207 non
525 2141 661 2208 lorativa
687 2143 722 2207 im
744 2148 762 2206 ῦ
793 2142 942 2207 exeuntia
962 2167 1092 2210 enume-

26 2259 101 2312 retur
113 2253 157 2331 8),
179 2270 361 2337 quanquam
385 2256 417 2308 et
437 2233 498 2311 line
520 2254 552 2308 et
574 2245 685 2332 δεῦρο,
708 2243 795 2334 qnod
816 2243 937 2310 ibidem
957 2245 1091 2333 legitur,

26 2348 119 2418 laeum
140 2341 334 2437 significant.
378 2345 449 2411 Hoc
471 2347 599 2434 ipsum,
623 2345 718 2411 etiam
739 2346 779 2410 ab
799 2345 985 2412 Herodiano
1005 2347 1091 2414 Aeo·
1122 2435 1126 2439 .

27 2449 102 2516 libus
131 2452 345 2537 adscriptum,
378 2448 442 2512 hne
472 2449 597 2513 trahere
624 2447 741 2529 lieeat,
774 2447 804 2512 si
831 2455 849 2510 ῦ
876 2448 1012 2537 longum
1041 2462 1092 2516 est
1187 2505 1189 2512 .

29 2551 126 2635 deripe,
148 2576 255 2642 neque
276 2549 412 2616 Aeolica
432 2548 608 2612 mutatione
630 2571 671 2612 er
692 2554 708 2613 ῡ
730 2557 850 2611 natum.
895 2546 967 2611 darn
990 2549 1093 2636 igitur

26 2653 177 2742 miritiplex
198 2657 313 2718 horum
335 2648 558 2716 adverbiorum
580 2659 629 2714 est
650 2642 896 2730 terminatio‘0'2‚
922 2648 966 2732 ἷῖῑ,
989 2647 1034 2732 it,
1055 2651 1091 2729 ῐ;

25 2755 267 2844 antiquissimam
289 2775 361 2816 esse
386 2750 415 2817 'vl'
436 2748 531 2814 facile
552 2759 701 2838 apparet,
739 2749 825 2842 unde
855 2755 889 2813 ῡῖ
910 2761 941 2814 et
960 2757 978 2814 ὗ
999 2763 1092 2818 natae

26 2868 107 2940 sunt,
136 2859 211 2947 qnia
233 2861 269 2919 ῦῖ
298 2851 384 2918 haud
405 2849 519 2930 sarilo,
547 2851 613 2914 misi
643 2861 716 2914 ante
740 2862 928 2939 sequentem
948 2853 1091 2920 vocalem

25 2953 245 3048 diphthongum
266 2954 372 3022 efficit.
398 2953 445 3019 ef.
466 2950 589 3028 Buttm.
612 2951 721 3020 Lexil.
744 2952 774 3020 Ι.
802 2975 835 3042 p.
858 2952 921 3036 56,
957 2953 1091 3020 Lobeeb

51 3162 76 3226 7)
107 3156 238 3212 Priscian
259 3153 283 3208 1.
301 3169 330 3224 p.
348 3153 382 3209 35
404 3160 547 3222 postquam
565 3148 601 3204 de
616 3151 637 3200 a'r
654 3146 728 3204 dixit
751 3147 854 3202 vocalis
879 3150 933 3203 vim
951 3153 1091 3209 amittente

24 3243 47 3295 ,ἢ
62 3245 162 3312 suavis,
179 3241 282 3296 suadeo
300 3249 365 3292 em:
392 3237 480 3304 ‚quod
500 3235 572 3305 apud
591 3235 694 3288 Aeolus
711 3250 821 3301 quoque
836 3237 868 3288 ιῖῖ
886 3253 968 3308 saepe
980 3241 1091 3308 'patitur

23 3342 45 3384 ρο
60 3332 153 3385 amittit
171 3331 226 3382 vim
244 3327 351 3380 litterae
369 3323 397 3377 in
416 3333 502 3375 metro
521 3332 550 3376 ut
566 3319 694 3390 Sappho:
714 3317 778 3373 anta
795 3319 882 3376 τάδε’
899 3321 994 3377 ἔλθετε
1009 3343 1091 3378 ποτι-

22 3414 75 3470 m·
90 3416 175 3485 ερωω
199 3410 340 3480 (Addend.
358 3426 385 3479 p.
406 3411 439 3462 19
454 3403 553 3473 οοΐὸ’).
595 3405 732 3461 Similiter
751 3406 835 3478 πῇὶοο
856 3408 1025 3479 disyllabum
1048 3411 1090 3465 in·

24 3504 119 3558 venitur
135 3501 208 3572 apud
227 3491 354 3560 eo'sdem,
371 3510 432 3547 cum
449 3493 482 3545 ιῖῖ
499 3508 553 3545 non
570 3502 612 3546 est
629 3491 842 3562 diphthongus«

50 3603 75 3665 8)
107 3599 232 3664 Theogn.
252 3591 370 3659 ox.11,
389 3592 455 3656 161,
472 3591 489 3643 6
515 3587 618 3654 (Bekk.
639 3590 716 3654 1341)
739 3585 773 3641 rel
790 3585 826 3641 οἷο
843 3598 862 3641 v
877 3586 992 3660 λήγοντα
1008 3588 1089 3661 irrep.

21 3683 121 3754 dripere
142 3683 181 3754 μή
199 3677 317 3735 τοπικῶς
333 3673 526 3746 λαμβανόμενα
543 3670 590 3728 διδ
612 3671 662 3727 τοῦ
683 3675 701 3728 οἵ
721 3671 887 3746 γράφονται,
914 3676 972 3732 οἷον
988 3675 1090 3747 πάγχυ,

21 3769 130 3840 πρόχνυ,
157 3765 253 3838 deripe,
278 3753 595 3830 πλῆν(Βο111ι.πῆλυ),
624 3755 691 3827 rippa
709 3772 760 3814 etc.
778 3789 812 3807 -
846 3762 951 3815 Herod.
969 3781 999 3816 π.
1015 3784 1046 3832 μ.
1064 3763 1088 3819 t,

20 3859 63 3925 26,
79 3859 111 3912 35
137 3851 217 3923 δοὸρο
239 3847 313 3921 nopai
337 3853 393 3903 anie
409 3843 535 3904 Αἰολεῦσι
557 3851 600 3930 spi
626 3842 708 3916 deripe
724 3853 768 3901 nal
787 3843 867 3916 deved
885 3843 931 3901 daal
948 3845 997 3901 rari
1013 3858 1038 3903 οῖ.
1056 3875 1090 3887 -

23 3946 85 3996 dnn.
103 3943 157 3995 Ox.
177 3940 208 4005 1,
226 3941 285 4004 117,
303 3938 346 3991 29.
362 3931 482 4012 'Arraqol
500 3927 573 4000 δευρὶ
591 3937 655 4001 pret
671 3929 795 4000 τοπικὸν,
816 3931 924 3988 Αἰολεῖς
940 3929 1017 4000 δουρί
1032 3933 1088 4000 leg.

20 4025 100 4096 daupi.
126 4025 160 4080 el.
179 4021 305 4092 Theogn.
325 4022 379 4078 Ox.
397 4020 443 4085 11,
463 4021 527 4084 161,
544 4019 568 4071 5.
594 4014 678 4069 ἕνίοτο
700 4013 729 4072 dd
756 4025 802 4074 aot
826 4017 905 4088 δοῦρυ
930 4014 976 4071 dari
1001 4015 1050 4070 τοῦ
1071 4020 1088 4072 ἰ

20 4111 103 4183 ψιλοῦ.
124 4143 153 4153 -
189 4109 269 4176 Quod
288 4105 420 4177 Apellen.
439 4103 475 4157 de
493 4117 571 4173 pron.
588 4105 630 4158 69.
647 4097 713 4168 adio
740 4119 792 4172 pro
808 4101 873 4172 avila
888 4113 1089 4172 commemorat,
1145 4177 1146 4184 ἵ

21 4203 63 4254 vix
79 4201 113 4254 de
131 4195 246 4253 Aeolica
264 4191 404 4261 cogitavit,
423 4189 472 4244 sed
490 4207 506 4243 e
521 4181 663 4258 τηλύγετος
678 4186 768 4244 tinxit.
