2748 4832
180 157 234 288 24
381 210 437 284 De
463 207 615 286 dialecto
639 205 797 290 Aeolum
820 203 1056 280 Asianorum.

1364 306 1367 355 l

185 411 317 478 Lesbiis
338 434 415 478 casu
437 411 522 476 nihil
543 413 610 478 iere
633 411 672 478 de
695 409 810 499 spiritu
833 402 998 494 discitur),
1020 405 1172 494 antiquae
1193 427 1274 492 pro·
1363 414 1369 522 l

183 513 330 601 prietatis
359 513 468 580 minus
496 514 621 596 tenaci,
653 523 686 578 ct
711 510 918 578 librariorum
946 507 1135 574 oscitantiae
1154 507 1277 595 volga-

185 637 254 681 rem
275 611 431 681 rationem
452 615 688 679 intrudcutium
712 611 857 678 adscribi
881 635 998 701 posse,
1027 608 1103 674 inde
1124 616 1273 696 apparet,

188 713 276 803 quod
304 716 495 804 comparatis
517 717 688 797 omnihus,
724 738 806 803 quae
835 713 870 777 in
890 711 987 776 libris
1007 709 1180 798 titulisque
1201 732 1275 774 cer·

187 817 270 882 tiora
290 827 346 882 aut
366 819 473 906 asperi
493 828 549 882 aut
568 817 655 882 lenis
674 815 797 880 indicia
817 813 1045 902 reperiuntur,
1067 822 1153 876 certa
1175 833 1277 900 quae·

184 915 262 1004 'dam
288 917 459 1008 laxatque
486 919 600 1006 regula
621 917 793 1006 detegitur.
861 913 996 981 Constat
1021 915 1109 1003 enim
1130 911 1279 978 Graeco·

188 1040 260 1080 rum
281 1041 430 1106 asperum
452 1042 547 1107 saepe
569 1043 609 1089 ex
629 1018 800 1107 antiquos
822 1018 908 1102 autj
931 1027 1155 1098 autemeam,
1184 1013 1280 1102 qnod

190 1129 345 1206 cognatae
365 1120 501 1210 liuguae
524 1130 705 1202 servarunt,
726 1119 794 1185 vid.
817 1116 917 1182 Gicse
938 1141 971 1204 p.
987 1117 1155 1205 242scqq.
1199 1113 1280 1180 Jam

190 1242 266 1284 vero
287 1243 434 1305 asperum
457 1219 531 1306 ejus
553 1219 691 1308 originis
717 1220 786 1284 sere
808 1214 935 1308 sempor
954 1218 1040 1306 apud
1063 1218 1186 1282 Aeoles
1206 1241 1279 1283 nou

190 1320 300 1388 miuus
323 1332 482 1388 servatum
503 1345 595 1402 esse,
624 1343 721 1408 quam
750 1321 787 1384 in
806 1319 945 1408 reliquis
968 1319 1134 1401 dialectis,
1163 1329 1281 1384 oontm

190 1422 300 1486 leuem
326 1421 452 1504 fuisse,
484 1421 543 1485 ubi
572 1421 770 1508 reliquarum
799 1421 1006 1486 dialectorum
1027 1443 1121 1508 asper
1141 1421 1205 1485 alia
1226 1444 1278 1484 ra·

191 1521 280 1586 tione
304 1533 393 1588 ortus
415 1534 485 1606 est,
515 1522 636 1588 indicia
656 1521 824 1597 titulorum
851 1532 884 1587 et
904 1521 1062 1590 lihrorum
1084 1520 1164 1588 satis
1184 1522 1279 1588 lucu·

192 1619 299 1688 lenter
320 1623 446 1694 docent.
538 1689 540 1693 ,
1004 1644 1006 1650 ’

277 1720 311 1808 5)
340 1724 462 1814 Asperi
492 1724 612 1791 indicia
644 1724 785 1813 primum
815 1723 1021 1812 reperiuntur
1047 1723 1082 1790 in
1109 1723 1218 1791 titulis
1244 1737 1282 1790 et

194 1822 289 1893 libris
312 1825 382 1892 siue
404 1827 473 1893 ulla
493 1827 644 1894 varietate
666 1825 818 1891 lectionis
839 1827 938 1890 haec:
1255 1910 1257 1912 q

278 1927 318 1994 In
353 1929 532 1996 articulo
567 1939 599 1994 et
635 1925 981 1996 demonstrativis
1015 1923 1134 2012 Sapph.
1166 1963 1209 1978 -·
1236 1929 1282 1994 29

196 2025 341 2107 iperved'
364 2029 524 2112 ἇσελάυα,
546 2030 588 2098 46
601 2029 682 2094 ποθ’
705 2027 775 2091 oid'.
819 2027 1040 2115 Antiquums,
1063 2038 1098 2092 ut
1108 2026 1172 2092 alia
1185 2029 1282 2094 omit·

195 2137 320 2211 tamus,
358 2143 490 2218 apparet
517 2131 552 2202 io
580 2129 771 2218 pronomine
799 2127 1048 2196 demonstrativo
1081 2127 1284 2197 Sanseritieo

197 2251 252 2306 aa,
277 2245 338 2311 ss,
360 2239 430 2313 tat,
453 2229 593 2296 Gothico
608 2231 745 2297 articulo
768 2253 829 2312 sa,
852 2234 909 2311 sd,
932 2231 1059 2311 theta,
1083 2230 1230 2320 denique
1247 2233 1284 2296 in

196 2327 332 2397 Latinae
353 2330 487 2419 linguae
508 2331 620 2396 formis
642 2330 786 2419 antiquis
809 2355 908 2413 sum,
932 2355 1027 2412 sam,
1050 2337 1137 2414 sos',
1157 2357 1285 2422 sapsa

195 2450 255 2518 pro
285 2453 377 2514 eum,
411 2456 501 2516 eam,
529 2457 609 2516 cos,
645 2431 717 2521 ipsa
746 2428 831 2518 (vid.
862 2431 909 2504 M.
943 2431 1091 2505 Schmidt
1118 2433 1158 2498 de
1185 2459 1283 2524 pron,

65 2647 67 2654 '
282 2633 478 2706 Relatlra
506 2655 572 2700 uon
599 2632 708 2703 minus
737 2633 886 2722 spiritum
907 2658 1057 2722 asperum
1085 2635 1228 2725 produnt
1244 2637 1286 2702 iu

197 2735 332 2826 Lampe.
356 2738 398 2802 14
420 2735 499 2801 καθ’
523 2737 558 2819 dy
578 2737 708 2818 καῖρον,
734 2733 829 2805 Cum.
852 2736 878 2806 8,
894 2735 999 2814 καθὰ,
1023 2737 1065 2802 36
1087 2737 1141 2820 ἐφ’
1164 2739 1218 2816 ἃν,
1240 2740 1288 2806 40

198 2836 252 2921 ἐφ’
268 2840 366 2912 'olom
417 2837 468 2908 Ea
490 2861 566 2903 vero
587 2847 642 2908 aut
662 2859 728 2902 non
756 2835 883 2906 diversa
902 2848 993 2902 erant
1013 2838 1090 2903 olim
1113 2863 1130 2904 a
1152 2840 1287 2907 demon·

201 2939 363 3020 strntivis,
402 2947 440 3012 ut
467 2937 642 3005 Homerica
669 2937 827 3010 dialectos
854 2938 980 3002 nullum
1011 2940 1078 3004 fera
1107 2940 1286 3010 discrimen

199 3039 291 3112 norit
320 3035 384 3122 (el'.
408 3037 556 3102 Schmidt
582 3063 615 3126 p.
640 3035 702 3123 42)
731 3049 762 3100 et
782 3037 919 3104 Aeolica
947 3063 1077 3128 quoque
1105 3066 1140 3106 ae
1162 3043 1287 3110 Dorica

200 3139 357 3217 dialectos
376 3139 523 3210 relativis
542 3141 670 3229 saepei
691 3137 838 3226 praefigit
858 3137 938 3216 (vid.
955 3134 986 3226 ἓ.
1000 3141 1077 3224 23),
1100 3141 1187 3212 unde
1210 3169 1226 3208 s
1248 3146 1287 3211 in

199 3265 348 3330 asperum
371 3249 528 3312 mutatum
548 3251 728 3329 appareret,
750 3249 807 3302 aut
826 3262 843 3304 e
861 3239 1037 3308 Sanscritis
1059 3241 1201 3308 relativis
1218 3244 1287 3331 jas

201 3352 264 3417 ete.
293 3341 466 3416 derivanda
496 3352 592 3424 sunt,
628 3341 716 3430 quod
751 3339 935 3428 maluerunt
961 3341 1055 3432 Ropp
1080 3346 1192 3429 Verql.
1224 3347 1285 3418 Gr.

148 3445 152 3450 ’
185 3437 232 3530 ᾗ.
257 3442 337 3524 382,
360 3443 436 3506 Pott
457 3443 511 3524 ll,
535 3443 613 3525 162,
636 3442 735 3510 Gicse
756 3466 789 3531 p.
812 3442 886 3508 243.
909 3481 949 3493 -
992 3443 1062 3510 Nos
1084 3467 1170 3512 uiroc
1191 3447 1289 3512 nolu·
1314 3507 1317 3512 ,

202 3566 275 3616 anus
297 3566 450 3630 quaerere
455 3589 471 3628 2
492 3556 600 3608 utrum
622 3544 732 3609 verius
755 3543 808 3608 sit.
832 3535 874 3596 -”-

288 3641 365 3726 osta
390 3667 449 3745 pro
477 3645 538 3736 ἥβη
567 3645 603 3722 in
625 3645 744 3728 ἔφαβος
763 3642 858 3722 Cum.
881 3644 934 3720 46.Ι
959 3643 1017 3726 503
1047 3641 1227 3718 Pottiusl.
1248 3629 1284 3736 p.

204 3747 265 3813 113
281 3733 405 3820 confert
422 3746 610 3844 juvenis,
634 3733 764 3821 Sanscr.
777 3746 921 3840 jassen
943 3741 1092 3830 Compar.
1105 3744 1283 3832 jarrijas.

290 3847 409 3932 olyrac
431 3883 471 3908 -.·-
492 3847 568 3924 Ale.
598 3846 639 3912 45
666 3844 787 3932 ἰόπλοχ’
818 3845 912 3929 dirae,
942 3841 984 3912 85
1014 3835 1153 3919 sos'gavo’
1184 3847 1282 3931 ἅγναι.

208 3949 373 4039 Roppius,
401 3949 537 4020 Gicsios
558 3960 590 4015 et
610 3949 740 4023 Pettius
761 3947 789 4024 Ι.
812 3969 845 4048 p.
868 3943 932 4021 236
957 3955 1045 4021 reete
1072 3945 1217 4021 derivare
1238 3947 1285 4016 vi·
