2748 4832
221 291 307 370 XIV
701 291 818 413 index.

285 557 330 612 lle
346 559 605 628 praepositionibus.
640 564 662 632 5.
681 565 723 628 28,
769 605 1210 626 ...........
1288 539 1294 552 ’

284 655 329 708 De
346 654 494 711 adverbiis.
529 659 551 726 5.
570 662 605 716 29
606 699 991 724 ..........
1026 665 1028 668 ’
1029 699 1211 716 .....

283 749 328 803 De
346 766 441 802 vocum
458 751 660 808 formandarum
679 757 857 824 proprietate.
893 758 914 824 5.
934 759 977 812 30.
1028 797 1033 810 .
1071 797 1077 810 .
1115 795 1121 808 .
1159 794 1165 808 .
1203 794 1210 808 .

228 827 231 836 '
282 845 328 900 ne
344 846 472 901 universa
489 849 639 906 usurasne
656 851 769 906 uiuent
787 853 889 906 innon.
925 854 947 921 5.
966 856 1035 911 a1..
1071 893 1079 908 .
1115 893 1121 906 .
1158 891 1166 907 .
1202 891 1210 907 .

214 969 265 1022 De
289 967 444 1023 dialecto
465 971 641 1026 Boeotica.

279 1062 326 1116 De
342 1064 472 1118 lontibus.
507 1068 531 1136 5.
552 1067 595 1121 82.
633 1106 638 1120 ,
677 1056 692 1120 .“
720 1107 727 1122 .
756 1041 765 1056 ’
763 1103 1210 1123 ...........

279 1158 325 1212 De
342 1169 463 1214 accentu.
498 1165 520 1231 5.
539 1164 581 1217 33.
629 1202 635 1214 .
663 1186 668 1190 ·
674 1201 898 1218 ......
930 1199 931 1202 ¹
935 1200 1208 1221 ........

272 1254 326 1314 De
341 1255 451 1325 spiritu.
486 1257 509 1322 5.
527 1259 569 1312 34.
628 1319 632 1322 ,
631 1295 855 1310 ......
891 1253 899 1311 1
937 1295 1209 1313 .......

279 1351 325 1404 De
342 1353 488 1419 digamma.
524 1352 546 1418 5.
565 1353 634 1407 35..
669 1389 679 1416 .·
716 1387 1208 1414 ............
1244 1358 1296 1412 169

278 1445 324 1498 De
338 1443 552 1512 ¹consonantibus
569 1445 749 1514 simplicibus.
783 1449 807 1516 5.
825 1449 859 1504 36
862 1483 1207 1502 .........
1244 1451 1295 1514 172

278 1537 324 1591 De
340 1535 551 1591 consonantibus
568 1537 727 1608 duplicibus
745 1549 771 1592 et
789 1540 945 1610 duplicatis.
980 1544 1003 1610 5.
1021 1542 1064 1595 3⁷.
1111 1581 1117 1592 .
1155 1579 1163 1594 .
1199 1579 1207 1594 .
1243 1542 1294 1596 175

278 1631 324 1684 De
343 1630 484 1684 vocalibus
501 1631 640 1688 brevibus.
674 1633 697 1698 5.
715 1636 757 1690 38.
807 1672 813 1684 .
851 1673 857 1702 2
895 1672 900 1686 .
939 1652 945 1684 :
983 1672 1207 1688 ......
1243 1637 1294 1698 1⁷8

224 1711 226 1716 ¹
276 1727 322 1780 De
339 1725 479 1779 vocalibus
497 1726 597 1795 longis.
633 1725 656 1793 5.
674 1731 708 1784 39
710 1762 1206 1782 ............
1241 1732 1293 1785 181

275 1802 527 1892 Dediphtnong'is.
564 1824 672 1890 i·⁴¹⁰··
710 1861 716 1876 .
754 1862 760 1876 .
798 1862 805 1876 .
842 1824 851 1875 ;
886 1863 893 1876 .
930 1862 937 1876 .
973 1864 980 1879 .
1017 1864 1024 1877 .
1061 1861 1068 1878 .
1105 1827 1116 1877 .·
1238 1828 1290 1881 rsa

275 1915 321 1972 D'e
337 1915 486 1994 Boeoticae
503 1917 616 1971 dialecti
641 1915 669 1969 in
687 1917 829 1970 vocalibus
853 1917 1027 1985 proferendis
1051 1918 1205 1972 inconstan-

342 2010 390 2065 tin.
425 2011 447 2078 5.
465 2011 497 2066 41
501 2048 809 2068 ........
813 2014 815 2017 ’
847 2048 1203 2079 .........
1239 2014 1291 2068 194

274 2105 320 2158 De
338 2105 478 2158 vocalibus
495 2097 677 2173 productione
693 2107 866 2176 suppletoria
883 2107 960 2160 ortis.
995 2107 1115 2180 542..
1153 2147 1158 2160 .
1196 2147 1202 2161 .
1238 2112 1291 2164 200

274 2200 319 2252 De
338 2199 531 2258 contractione.
566 2202 589 2268 5.
608 2202 678 2254 43..
715 2181 731 2251 .’
759 2237 1202 2258 ...........
1237 2205 1288 2258 201

275 2294 319 2346 De
337 2291 529 2346 declinatione.
564 2297 586 2364 5.
603 2295 636 2346 44
639 2329 1202 2352 ..............
1237 2299 1289 2353 202

217 2429 219 2434 .
273 2390 319 2442 De
336 2387 552 2459 pronominibus.
588 2390 611 2456 5.
629 2391 663 2443 45
665 2427 1201 2444 .............
1237 2393 1290 2449 2116

273 2485 319 2540 De
336 2485 534 2553 conjugatione.
569 2487 592 2552 5.
610 2486 653 2540 45.
712 2521 980 2537 .......
1003 2497 1007 2510 ‘
1017 2523 1199 2540 .....
1235 2490 1288 2546 208

275 2581 321 2634 De
338 2573 598 2650 praepositionibus.
636 2579 658 2647 5.
677 2582 710 2632 47
713 2616 1198 2635 ............
1234 2586 1286 2639 212

271 2673 320 2742 De,
334 2676 533 2748 patronymicis
550 2685 578 2730 et
595 2674 774 2728 diminutivis.
810 2677 832 2742 5.
850 2674 884 2729 48
886 2711 1198 2730 ........
1234 2681 1286 2736 214

270 2771 317 2826 De
333 2771 482 2826 Boeoticae
500 2770 612 2826 dialecti
629 2769 724 2822 indole
741 2778 769 2822 et
780 2767 955 2836 antiquitate.
991 2767 1014 2834 5.
1031 2769 1074 2823 49.
1104 2809 1110 2822 .
1146 2809 1154 2826 .
1190 2811 1197 2824 .
1233 2776 1285 2830 216

91 2971 95 2983 Ι
203 2891 256 2946 De
272 2891 426 2956 dialecto
444 2891 661 2946 Thessalica.
696 2889 780 2958 55⁰.
841 2927 849 2942 .
885 2926 892 2940 .
929 2926 935 2941 .
972 2926 979 2940 .
1016 2926 1022 2939 .
1058 2927 1066 2940 .
1102 2928 1109 2943 .
1144 2928 1152 2942 .
1189 2929 1196 2944 .
1232 2894 1284 2948 218

203 3009 428 3066 Aeolicarum
445 3011 677 3066 dialectorum
694 3010 788 3064 inter
804 3025 840 3062 se
856 3009 1084 3078 comparatio.
1119 3013 1143 3082 5.
1153 3013 1195 3066 51.
1229 3015 1282 3074 222

190 3127 256 3198 ,De
272 3129 445 3183 dialectis
461 3126 745 3190 Pseudaeolicis.

270 3223 317 3276 De
334 3221 452 3276 dialecto
470 3221 610 3276 Eleorum.
646 3224 669 3289 5·
687 3221 756 3272 52..
793 3257 800 3272 .
925 3259 931 3272 .
967 3261 973 3272 .
1055 3254 1070 3272 .·
1099 3261 1106 3275 .
1143 3262 1150 3276 .
1186 3263 1194 3278 .
1229 3227 1280 3285 225

269 3316 453 3375 Dedialecto'
467 3317 611 3370 Arcadica.
648 3317 730 3382 553.
760 3371 762 3376 ,
794 3353 801 3368 .
838 3355 844 3369 .
882 3354 889 3368 .
926 3353 932 3368 .
970 3357 977 3370 .
1014 3357 1021 3372 .
1051 3331 1149 3374 tn...
1187 3361 1194 3374 .
1229 3325 1280 3378 231

268 3413 315 3469 De
332 3412 448 3480 reliquis
464 3412 591 3492 dialectis
607 3409 823 3471 Pseudaeolicis.
858 3412 881 3480 5.
900 3415 935 3468 54
936 3451 1193 3472 .......
1204 3437 1207 3444 .
1228 3421 1279 3478 234

202 3517 398 3609 Appendix.

267 3631 533 3697 Alcaeilragmenta
534 3666 714 3684 .....
725 3623 1276 3691 'mmm-..241

265 3724 395 3794 Sapphus
411 3723 570 3791 fragmenta.
616 3759 1192 3778 ..............
1225 3727 1277 3782 256

267 3819 412 3876 Theocriti
429 3818 558 3873 Carmina
573 3817 695 3875 Aeolion.
750 3855 931 3872 .....
959 3853 960 3859 .
966 3855 1148 3872 .....
1183 3857 1191 3890 .
1225 3822 1277 3877 art

266 3916 404 3973 Corinnae
419 3915 570 3983 fragmenta
572 3943 1191 3970 ...............
1226 3917 1276 3972 277

129 3989 133 4000 ’
191 4047 193 4052 -
265 4011 376 4068 Foedus
391 4007 523 4066 Eleorum
538 4019 566 4065 et
582 4008 786 4064 Herueeusiurn.
832 4043 1190 4064 .........
1224 4013 1276 4066 2811
