2748 4832
306 205 309 209 .
336 192 375 209 -'‘⁴¹.'¹

315 213 331 228 -l
371 217 373 222 ·
404 229 407 236 ¹
430 217 449 238 ι’,
842 213 845 221 “

349 249 360 270 *7¹¹3
376 234 559 271 ‘'bvsto-‘sarh
575 258 593 270 ι,
657 269 659 272 Ι
741 262 743 265 ,
764 259 767 264 ,
857 263 863 267 ,,

204 493 439 584 reprehendent
469 506 502 565 et
531 495 778 580 desiderabunt,
809 494 866 588 qni
893 495 922 562 si
949 495 1082 564 meliora
1100 493 1279 577 docebunt,

203 634 423 723 gratissimum
450 635 546 702 uobis
575 635 705 700 facient·
755 633 793 700 Si
820 659 882 723 qua
904 634 1040 702 deerunt
1065 659 1106 700 ex
1132 632 1279 722 antiquis

202 773 439 864 grammaticis,
467 797 486 839 e
513 773 724 863 scriptoribus
744 770 910 858 Aeolicis,
944 798 985 840 cx
1011 771 1282 862 inscriptionibus

202 924 300 1001 atque
319 912 476 991 nummis,
511 935 593 1002 quae
612 912 653 976 ad
674 909 841 976 Aeolicam
863 911 1035 976 dialectum
1054 910 1279 976 illustrandam

199 1055 306 1119 faeere
326 1048 495 1119 videantur
516 1047 634 1141 (neque
653 1061 761 1116 tamen
787 1051 886 1117 multa
906 1063 960 1115 aut
979 1049 1088 1138 gravia
1108 1073 1181 1116 esse
1201 1073 1278 1115 con·

199 1185 356 1276 fidimus),
378 1191 500 1276 amplae
520 1185 732 1254 bibliothecae
752 1189 905 1255 continuo
925 1213 987 1255 usu
1009 1187 1172 1256 destitutis
1192 1193 1279 1280 apud

199 1347 319 1413 aequos
337 1322 464 1408 judiees
485 1319 609 1410 aliquid
628 1321 843 1388 excusationis
864 1322 935 1388 erit.
990 1323 1278 1404 Grammaticorum

199 1461 347 1550 graviora
372 1457 557 1524 testimonia
584 1459 671 1548 quod
702 1459 739 1551 in
775 1461 1033 1554 annotationibus
1065 1465 1278 1553 subjecimus,

135 1662 149 1696 θ,
201 1595 369 1680 omnibus,
398 1592 493 1660 etiam
513 1592 571 1683 qui
596 1593 728 1658 illorum
749 1619 845 1684 opera
871 1607 1020 1682 teneant,
1051 1612 1176 1686 gratum
1205 1604 1278 1670 fore

200 1737 431 1808 existimamus.
490 1730 672 1799 Contrane
692 1733 768 1798 libri
790 1733 893 1799 moles
913 1757 1010 1823 supra
1030 1724 1161 1804 modinn
1179 1764 1277 1830 auge-

161 1853 165 1857 .
197 1883 300 1957 retu,
321 1868 620 1942 maxime-brevitati
639 1869 819 1936 studuimus
840 1870 876 1934 in
895 1857 1173 1958 grammaticorum
1187 1901 1279 1943 erro-

199 2007 293 2074 ribus
321 2007 519 2090 refutandis,
555 2005 599 2072 iis
631 1973 857 2096 potissimum,
898 2008 956 2098 qui
982 2012 1076 2100 quasi
1114 1983 1277 2081 solemnes

124 2206 128 2228 ι
201 2142 389 2228 saepissime
413 2140 559 2206 redeunt.
621 2139 838 2228 Antiquos-um
868 2143 955 2210 enim
977 2147 1018 2212 de
1039 2144 1186 2216 dialectis
1206 2153 1276 2241 opi·

197 2281 315 2349 nioucs
348 2237 523 2368 aliquando
557 2275 714 2363 singulari
743 2280 1007 2346 commentatione
1046 2283 1218 2351 illustrare
1238 2290 1276 2356 iu

197 2415 306 2483 auimo
326 2426 388 2480 est.
452 2411 526 2478 Non
552 2412 660 2517 miuus
680 2413 807 2477 chartae
833 2412 1035 2501 pepercimus
1060 2414 1098 2479 in
1117 2421 1278 2485 recentio-
1372 2419 1373 2444 ³

198 2577 271 2619 mm
292 2549 501 2640 opinionibus
522 2547 819 2614 commemorandis.
874 2547 912 2614 Si
932 2572 996 2637 qua
1015 2563 1107 2616 acute
1128 2562 1161 2617 et
1180 2575 1278 2622 aecu.

199 2699 267 2758 rate
282 2690 442 2780 disputata
465 2689 634 2754 sunt'ante
655 2709 730 2769 nos,
752 2685 956 2775 suas'cuique
975 2688 1087 2754 laudes
1100 2689 1278 2762 detrectare

197 2826 373 2892 noluimus.
416 2795 500 2892 Prae
521 2825 594 2892 aliis
613 2825 769 2890 nonnulla
783 2824 935 2891 debemus
957 2824 1123 2910 Giesio,
1145 2829 1201 2915 qni
1220 2829 1277 2894 iu-

198 2964 451 3062 ngerentur
472 2965 648 3030 instructus
669 2964 705 3028 in
726 2946 896 3030 neonem
918 2963 1092 3030 unacum·
1108 2965 1277 3054 mamre

197 3101 357 3186 instituit,
380 3099 457 3184 scd,
483 3099 583 3187 longe
603 3097 763 3164 diversam
782 3121 802 3161 a
821 3105 931 3161 nostra
950 3097 1107 3164 rationem
1129 3112 1275 3180 secutus,

168 3249 171 3256 ‘
197 3246 321 3302 tantum
346 3235 382 3299 iu
410 3233 500 3299 aditu
525 3231 632 3322 operis
652 3244 794 3297 moratus
824 3242 892 3316 cst,
921 3229 957 3296 ut
982 3233 1151 3302 immatura
1170 3247 1276 3304 morte

124 3369 126 3374 ’
196 3379 386 3462 praereptus
407 3368 463 3436 vix
489 3367 588 3435 limen
610 3367 825 3457 superaverit,
853 3367 946 3457 plura
967 3367 1007 3436 dc
1027 3370 1186 3440 Lesbiaca
1207 3375 1276 3441 dia·

195 3506 281 3573 lecto
300 3503 447 3588 Nerio,
469 3501 701 3582 walchero,
724 3499 928 3588 Seidlero,
949 3504 1086 3593 plurima
1109 3507 1150 3574 dc
1170 3509 1276 3577 Boeo-

196 3640 260 3708 tica
289 3640 402 3716 Tibi.
443 3639 604 3742 ‘Er-rores
634 3649 758 3723 autem,
790 3638 885 3705 ctiam
910 3662 1040 3724 corum,
1072 3642 1128 3730 qui
1159 3644 1277 3712 merito

199 3804 323 3849 summa
343 3778 506 3846 doctrinae
526 3739 623 3844 laude
644 3777 778 3859 dorent,
810 3749 904 3860 raro,
931 3777 1017 3843 unde
1049 3779 1156 3846 solent
1180 3783 1277 3848 multi

198 3918 265 3989 sibi
300 3915 427 3983 laudem
463 3935 635 4005 quaerere,
675 3912 794 4000 amplis
823 3911 1093 3998 disputationibus
1123 3917 1276 4005 detegere

80 4065 83 4082 ¹
109 4014 116 4025 Ι
173 4131 184 4155 ν
196 4055 336 4146 placuit,
372 4049 433 4121 scd
451 4051 528 4120 satis
548 4046 719 4116 babuimus
747 4044 868 4113 nostris
888 4046 1068 4117 rationibus
1095 4051 1275 4142 probandis
