2748 4832
251 303 307 394 Ι60
456 305 512 377 De
537 298 689 376 dialecto
715 299 871 374 Aeolum
895 297 1134 376 Asianorum,

258 524 386 578 utemur
414 505 480 572 nisi
503 505 685 594 exemplis,
717 528 800 592 qnae
827 500 966 592 plurima
992 502 1123 568 uadunt
1138 495 1192 589 ¹),
1232 515 1336 592 postea

258 637 370 681 corum
391 608 563 697 opiniones
585 621 681 696 atque
698 627 822 670 errores
843 617 875 669 et
896 605 1220 672 commemorabimus
1244 617 1278 670 et
1296 629 1336 670 re·

257 713 448 782 latebimus.
471 745 512 760 -
554 707 749 774 Accuratins
770 729 847 771 vcro
869 707 1122 794 quaerentibus,
1155 707 1246 774 unde
1267 710 1337 772 haec

258 812 434 903 duplicatio
456 821 523 874 orta
546 811 607 892 sit,
648 810 684 872 in
712 807 825 872 multis
847 818 998 895 apparet,
1036 807 1077 872 ab
1108 806 1239 896 origine
1265 809 1336 873 duas

257 921 488 985 consonantes*
513 909 617 974 luisse
657 909 871 995 conjunctas,
915 933 1052 998 quarum
1087 909 1202 974 rudior
1244 933 1337 974 sonus

235 1041 358 1110 ⁴quum
378 1012 508 1081 tolerari
530 1035 595 1075 non
617 1035 715 1098 posse
736 1010 922 1092 videretur,
956 1009 1076 1097 reliqui
1097 1008 1216 1074 Gracci
1247 1011 1336 1075 altera

257 1123 360 1208 ejecta
381 1115 526 1184 vocalem
555 1113 815 1194 antecedentem,
850 1131 891 1175 nc
921 1111 1064 1198 syllabae
1088 1111 1255 1200 quantitas
1275 1135 1337 1177 mn·

257 1231 395 1297 tacetur,
429 1214 669 1303 producebant,
700 1213 815 1277 Lesbii
847 1213 946 1276 altera
975 1211 1077 1296 ejecta
1098 1223 1284 1277 manentem
1303 1212 1335 1276 li·

258 1323 390 1413 quidam
411 1313 630 1404 duplicabant.
695 1312 786 1394 Quae
806 1335 880 1376 uera
907 1312 1006 1397 bajas
1034 1312 1242 1400 proprietatis
1263 1313 1334 1378 ratio

257 1449 323 1515 quo
342 1418 485 1486 lucidius
507 1423 677 1502 appareat,
699 1411 838 1500 primum
860 1435 896 1476 ea
916 1411 1121 1495 videbimus,
1143 1413 1185 1478 de
1207 1437 1334 1502 quarum

257 1521 441 1610 antiquiore
462 1517 564 1580 lorino
585 1513 690 1604 magis
711 1523 853 1594 constat,
885 1523 998 1602 postea
1019 1513 1060 1578 ad
1079 1514 1208 1601 reliqna
1229 1539 1334 1605 parge-

256 1649 352 1705 mns,
376 1643 458 1710 qnae
479 1615 555 1681 inde
577 1615 769 1680 illustranda
792 1625 878 1678 stant.

341 1723 382 1799 2)
415 1719 454 1782 ln
475 1716 620 1782 Aeristis
642 1715 669 1779 l.
693 1715 865 1782 verborum
884 1724 919 1792 t,
950 1741 989 1797 μ,
1017 1741 1052 1792 ν,
1073 1711 1095 1801 ’ρ
1118 1715 1334 1804 antiqnitnso

256 1825 361 1892 fnisse
383 1843 487 1908 eoque
514 1829 644 1906 propter
665 1816 858 1904 euphoniam
880 1817 1071 1905 plerumque
1087 1817 1191 1902 ejecto
1213 1818 1333 1882 brevem

259 1925 403 1994 vocalem
424 1918 683 1993 antecedentem,
720 1941 762 1981 ne
785 1916 928 2002 syllabae
950 1917 1112 2004 quantitas
1143 1918 1333 2000 turbaretur,

255 2028 444 2118 productam
466 2045 558 2101 esse,
588 2019 789 2107 reliquorum
809 2018 981 2082 verborum
1003 2029 1035 2081 et
1056 2041 1167 2084 eorum
1188 2022 1332 2102 maxime,
1364 2043 1365 2092 j

256 2150 340 2216 quae
372 2133 446 2210 post
477 2119 620 2207 liquidas
649 2121 669 2180 d
697 2119 778 2182 tulta
807 2129 901 2200 sunt,
936 2119 1084 2207 analogia
1115 2120 1194 2186 satis
1222 2122 1333 2188 evincit
1364 2109 1365 2194 l

256 2229 313 2310 (cl.
344 2226 422 2288 Pott
452 2223 559 2302 Etym.
593 2221 722 2285 Fotuch.
755 2223 782 2286 I.
812 2243 848 2302 p.
882 2221 960 2300 19)‚·
1002 2219 1104 2308 igitur
1143 2221 1262 2286 ἔστειλα
1298 2249 1331 2287 ex

228 2399 231 2405 ,
256 2327 381 2392 doctina
403 2332 513 2386 natum
535 2329 584 2383 cst
605 2329 665 2383 etc.
723 2319 796 2384 ,lam
815 2343 893 2385 vero
915 2321 1036 2386 Aeoles
1064 2323 1100 2386 in
1127 2323 1181 2388 his
1211 2325 1331 2390 brevem

254 2427 400 2494 vocalem
446 2423 597 2487 intactam
645 2421 874 2510 reliquerunt,
926 2421 1082 2511 liquidam
1117 2424 1330 2512 duplicarunt.

256 2525 415 2613 Exempla
436 2524 613 2587 afferuntur
633 2547 651 2586 a
673 2521 888 2620 grammaticis
903 2525 929 2602 ²)
954 2523 1153 2605 oratiototam,
1178 2528 1329 2608 ἑνέμματο,

256 2631 409 2711 ἒγὲννατο,
433 2616 551 2688 κτὲνναὶ
571 2645 630 2710 pro
654 2623 861 2704 melittutam,
887 2621 1006 2705 ἆρ’ῥάτω
1028 2635 1089 2697 οἱα.
1112 2660 1152 2674 -—
1197 2628 1238 2690 In
1259 2651 1330 2692 mar·

257 2751 346 2796 more
362 2728 591 2813 ‘Lampsaceno
611 2725 766 2812 leguntur
787 2723 811 2787 l.
836 2723 887 2788 10.
912 2725 952 2789 18
975 2722 1170 2803 claraevallen,
1196 2727 1330 2794 ἀποστᾶ-

256 2841 360 2897 λαντα.
383 2866 425 2880 -·
467 2826 568 2916 Apud
597 2832 709 2914 poetas
737 2825 857 2911 duplex
886 2825 1011 2914 liquida
1039 2826 1074 2890 in
1103 2827 1202 2894 libris
1232 2841 1281 2894 est
1298 2829 1326 2894 S.

261 3025 531 3036 ffl—...0

183 3214 187 3220 Ι
293 3153 319 3218 l)
355 3146 532 3204 Grammatici
556 3148 631 3199 enim
658 3146 709 3199 bac
726 3145 876 3199 Lesbiacae
900 3145 1011 3200 dialecti
1036 3147 1143 3202 ratione
1168 3160 1282 3208 utuntur
1300 3153 1328 3206 ad
1363 3155 1364 3180 ¹

258 3233 485 3304 orthographiam
508 3247 605 3284 vocam
632 3231 733 3284 certius
762 3231 995 3299 constituendam,
1022 3243 1051 3286 nt
1074 3235 1138 3304 εἷμα
1160 3241 1329 3292 scribendum
1363 3215 1364 3250 ¹

258 3338 333 3388 mse,
350 3336 404 3373 iton
422 3318 487 3387 ἷμα,
510 3328 584 3371 recte
603 3333 639 3368 ex
656 3317 773 3370 Aeolica
790 3317 863 3386 ἕμμα
881 3318 1029 3386 colligunt,
1056 3331 1149 3376 contra
1166 3325 1266 3393 χρῖμα,
1283 3339 1329 3377 noo

235 3430 236 3434 =
257 3409 369 3476 χρῆμα,
389 3421 425 3457 ex
443 3403 559 3458 Aeoliae
577 3406 689 3470 χρίμμα.
726 3403 825 3456 Omnia
843 3404 901 3456 iere
918 3407 975 3471 ejus
992 3407 1102 3472 generis
1122 3425 1158 3460 ex
1175 3411 1328 3464 Herodiano

257 3507 367 3545 manare
385 3489 528 3558 videntur,
555 3489 627 3542 unde
654 3489 725 3540 hand
744 3489 827 3541 dubie
846 3489 948 3555 hausit,
974 3490 1022 3555 qui
1046 3491 1145 3559 plenae
1161 3506 1212 3548 est-
1228 3499 1329 3560 tatibus,

257 3575 467 3630 Choeroboscns
484 3575 520 3628 de
543 3575 741 3644 orthographia
767 3573 795 3626 in
812 3575 1015 3630 anecdotorum
1033 3576 1233 3637 oxoniensium
1251 3584 1329 3641 Volu-

170 3725 174 3731 ,
257 3664 332 3717 mine
349 3661 445 3714 altero.

292 3808 322 3875 2)
356 3808 428 3860 Anu.
448 3803 504 3858 Ox.
521 3803 549 3871 1,
566 3805 634 3871 325,
651 3804 694 3857 27.
712 3800 848 3872 ε’γὲννατο,
864 3800 1053 3871 πελλᾶμεναι,
1079 3821 1197 3871 quocum
1214 3812 1330 3864 conseras

256 3894 323 3948 liet.
343 3884 536 3956 scattoimum,
561 3886 731 3957 πειλᾶμεναι
755 3888 823 3952 (vid.
842 3889 864 3953 ξ.
882 3890 916 3954 6,
936 3892 978 3956 t);
1003 3891 1030 3942 ,1,
1049 3890 1098 3943 Gr,
1116 3893 1180 3958 244,
1199 3909 1223 3948 ,Δ
1251 3897 1329 3962 GR&
1362 3941 1363 3960 χ

256 3980 287 4034 G.
307 3973 524 4052 5873t’ytvvaaa,
543 3975 657 4028 llleerm.
675 3977 735 4028 660.
754 3973 901 4043 t’atpnoro,
920 3973 1010 4028 Vatic.
1027 3978 1087 4032 690.
1104 3975 1330 4050 ἓγέννατο,.ἐνέμ-
1362 4013 1363 4040 t

255 4084 336 4134 μιω,
353 4062 380 4117 J.
399 4060 449 4114 Gr.
468 4062 528 4127 244,
547 4061 573 4116 b.
591 4062 694 4114 metuat
711 4055 818 4113 sedwa
834 4060 889 4128 leg.
907 4062 1026 4126 attotam
1044 4061 1080 4116 de
1094 4059 1203 4133 ὄῤῥᾶτω
1220 4068 1257 4122 ab
1274 4069 1330 4140 alpe

254 4148 531 4214 ffitffimh
