<?xml version="1.0" encoding="UTF-8"?>
<!DOCTYPE html PUBLIC "-//W3C//DTD XHTML 1.0 Transitional//EN"
    "http://www.w3.org/TR/xhtml1/DTD/xhtml1-transitional.dtd">
<html xmlns="http://www.w3.org/1999/xhtml" xml:lang="en" lang="en">
 <head>
  <title>
</title>
<meta http-equiv="Content-Type" content="text/html;charset=utf-8" />
  <meta name='ocr-system' content='tesseract 3.04.00' />
  <meta name='ocr-capabilities' content='ocr_page ocr_carea ocr_par ocr_line ocrx_word'/>
</head>
<body>
  <div class='ocr_page' id='page_1' title='image "./degraccaelingua00ahregoog_0030.png"; bbox 0 0 2748 4832; ppageno 0'>
   <div class='ocr_carea' id='block_1_1' title="bbox 415 279 1159 390">
    <p class='ocr_par' dir='ltr' id='par_1_1' title="bbox 415 279 1159 390">
     <span class='ocr_line' id='line_1_1' title="bbox 415 279 1159 390; baseline -0.02 -19"><span class='ocrx_word' id='word_1_1' title='bbox 415 296 448 390; x_wconf 84' lang='lat'>§.</span> <span class='ocrx_word' id='word_1_2' title='bbox 475 295 512 370; x_wconf 80' lang='lat'>2.</span> <span class='ocrx_word' id='word_1_3' title='bbox 565 295 621 368; x_wconf 85' lang='lat' dir='ltr'>De</span> <span class='ocrx_word' id='word_1_4' title='bbox 647 290 816 368; x_wconf 82' lang='lat' dir='ltr'>fontibus.</span> <span class='ocrx_word' id='word_1_5' title='bbox 919 349 925 368; x_wconf 89' lang='lat'>.</span> <span class='ocrx_word' id='word_1_6' title='bbox 1135 279 1159 356; x_wconf 83' lang='lat'>⁷</span> 
     </span>
    </p>
   </div>
   <div class='ocr_carea' id='block_1_2' title="bbox 74 483 1241 1702">
    <p class='ocr_par' dir='ltr' id='par_1_2' title="bbox 74 483 1241 1702">
     <span class='ocr_line' id='line_1_2' title="bbox 77 483 1159 585; baseline -0.018 -15"><span class='ocrx_word' id='word_1_7' title='bbox 77 505 159 570; x_wconf 79' lang='lat' dir='ltr'>coeit</span> <span class='ocrx_word' id='word_1_8' title='bbox 202 501 408 585; x_wconf 73' lang='lat' dir='ltr'>cl’antiqaitea</span> <span class='ocrx_word' id='word_1_9' title='bbox 450 503 519 567; x_wconf 88' lang='lat' dir='ltr'>Vol.</span> <span class='ocrx_word' id='word_1_10' title='bbox 550 502 593 566; x_wconf 86' lang='lat' dir='ltr'>ll.</span> <span class='ocrx_word' id='word_1_11' title='bbox 633 499 682 562; x_wconf 88' lang='lat' dir='ltr'>Pl.</span> <span class='ocrx_word' id='word_1_12' title='bbox 710 497 786 560; x_wconf 80' lang='lat' dir='ltr'>LVl</span> <span class='ocrx_word' id='word_1_13' title='bbox 797 535 838 545; x_wconf 94' lang='lat'>-</span> <span class='ocrx_word' id='word_1_14' title='bbox 855 483 979 578; x_wconf 67' lang='lat' dir='ltr'>LVIII,</span> <span class='ocrx_word' id='word_1_15' title='bbox 1018 483 1159 574; x_wconf 75' lang='lat' dir='ltr'>Augusti</span> 
     </span>
     <span class='ocr_line' id='line_1_3' title="bbox 74 588 1159 692; baseline -0.018 -24"><span class='ocrx_word' id='word_1_16' title='bbox 74 617 218 692; x_wconf 86' lang='lat' dir='ltr'>tempore</span> <span class='ocrx_word' id='word_1_17' title='bbox 239 603 407 691; x_wconf 86' lang='lat' dir='ltr'>scriptum,</span> <span class='ocrx_word' id='word_1_18' title='bbox 430 589 522 686; x_wconf 85' lang='lat' dir='ltr'>eujus</span> <span class='ocrx_word' id='word_1_19' title='bbox 544 601 699 665; x_wconf 85' lang='lat' dir='ltr'>dialectos</span> <span class='ocrx_word' id='word_1_20' title='bbox 721 596 803 660; x_wconf 83' lang='lat' dir='ltr'><strong>nihil</strong></span> <span class='ocrx_word' id='word_1_21' title='bbox 824 597 892 660; x_wconf 82' lang='lat' dir='ltr'>fere</span> <span class='ocrx_word' id='word_1_22' title='bbox 914 593 1019 658; x_wconf 82' lang='lat' dir='ltr'>dillert</span> <span class='ocrx_word' id='word_1_23' title='bbox 1040 613 1064 653; x_wconf 87' lang='lat' dir='ltr'>a·</span> <span class='ocrx_word' id='word_1_24' title='bbox 1080 588 1159 652; x_wconf 82' lang='lat' dir='ltr'>Les-</span> 
     </span>
     <span class='ocr_line' id='line_1_4' title="bbox 74 690 1160 791; baseline -0.016 -22"><span class='ocrx_word' id='word_1_25' title='bbox 74 705 186 788; x_wconf 69' lang='lat' dir='ltr'>biaco,</span> <span class='ocrx_word' id='word_1_26' title='bbox 216 703 356 791; x_wconf 86' lang='lat' dir='ltr'>denique</span> <span class='ocrx_word' id='word_1_27' title='bbox 376 703 504 790; x_wconf 72' lang='lat' dir='ltr'>ignotae</span> <span class='ocrx_word' id='word_1_28' title='bbox 525 701 616 766; x_wconf 85' lang='lat' dir='ltr'>urbis</span> <span class='ocrx_word' id='word_1_29' title='bbox 637 698 790 762; x_wconf 87' lang='lat' dir='ltr'>Aeolicae</span> <span class='ocrx_word' id='word_1_30' title='bbox 813 695 980 761; x_wconf 86' lang='lat' dir='ltr'>decretum</span> <span class='ocrx_word' id='word_1_31' title='bbox 996 691 1037 757; x_wconf 86' lang='lat' dir='ltr'>ad</span> <span class='ocrx_word' id='word_1_32' title='bbox 1064 690 1160 754; x_wconf 85' lang='lat' dir='ltr'>Lam·</span> 
     </span>
     <span class='ocr_line' id='line_1_5' title="bbox 76 790 1161 896; baseline -0.015 -26"><span class='ocrx_word' id='word_1_33' title='bbox 76 829 253 896; x_wconf 85' lang='lat' dir='ltr'>psacenos,</span> <span class='ocrx_word' id='word_1_34' title='bbox 282 803 370 868; x_wconf 87' lang='lat' dir='ltr'>unde</span> <span class='ocrx_word' id='word_1_35' title='bbox 397 803 555 867; x_wconf 86' lang='lat' dir='ltr'>nonnulla</span> <span class='ocrx_word' id='word_1_36' title='bbox 582 799 784 890; x_wconf 82' lang='lat' dir='ltr'>protulerunt</span> <span class='ocrx_word' id='word_1_37' title='bbox 805 797 948 862; x_wconf 77' lang='lat' dir='ltr'>lioenius</span> <span class='ocrx_word' id='word_1_38' title='bbox 977 792 1018 859; x_wconf 83' lang='lat' dir='ltr'>ad</span> <span class='ocrx_word' id='word_1_39' title='bbox 1039 790 1161 876; x_wconf 74' lang='lat' dir='ltr'>Grego-</span> 
     </span>
     <span class='ocr_line' id='line_1_6' title="bbox 76 893 1241 990; baseline -0.016 -19"><span class='ocrx_word' id='word_1_40' title='bbox 76 908 158 971; x_wconf 86' lang='lat' dir='ltr'>rium</span> <span class='ocrx_word' id='word_1_41' title='bbox 199 917 231 973; x_wconf 92' lang='lat' dir='ltr'>et</span> <span class='ocrx_word' id='word_1_42' title='bbox 266 905 396 971; x_wconf 85' lang='lat' dir='ltr'>Giesius</span> <span class='ocrx_word' id='word_1_43' title='bbox 435 904 476 968; x_wconf 87' lang='lat' dir='ltr'>de</span> <span class='ocrx_word' id='word_1_44' title='bbox 514 903 651 968; x_wconf 88' lang='lat' dir='ltr'>dialecto</span> <span class='ocrx_word' id='word_1_45' title='bbox 680 899 835 982; x_wconf 80' lang='lat' dir='ltr'>Aeolica,</span> <span class='ocrx_word' id='word_1_46' title='bbox 876 897 956 962; x_wconf 90' lang='lat' dir='ltr'>meis</span> <span class='ocrx_word' id='word_1_47' title='bbox 995 893 1161 988; x_wconf 79' lang='lat' dir='ltr'>precihus,</span> <span class='ocrx_word' id='word_1_48' title='bbox 1237 971 1241 990; x_wconf 45' lang='grc' dir='ltr'>Ι</span> 
     </span>
     <span class='ocr_line' id='line_1_7' title="bbox 76 992 1165 1097; baseline -0.01 -24"><span class='ocrx_word' id='word_1_49' title='bbox 76 1009 170 1097; x_wconf 87' lang='lat' dir='ltr'>quale</span> <span class='ocrx_word' id='word_1_50' title='bbox 192 1032 269 1077; x_wconf 85' lang='lat' dir='ltr'>mox</span> <span class='ocrx_word' id='word_1_51' title='bbox 289 1007 323 1071; x_wconf 94' lang='lat' dir='ltr'>in</span> <span class='ocrx_word' id='word_1_52' title='bbox 347 992 492 1094; x_wconf 81' lang='lat' dir='ltr'>Corpore</span> <span class='ocrx_word' id='word_1_53' title='bbox 511 1002 762 1091; x_wconf 89' lang='lat' dir='ltr'>Inscriptionum</span> <span class='ocrx_word' id='word_1_54' title='bbox 784 1001 978 1064; x_wconf 86' lang='lat' dir='ltr'>Graecarum</span> <span class='ocrx_word' id='word_1_55' title='bbox 1000 997 1037 1064; x_wconf 89' lang='lat' dir='ltr'>in</span> <span class='ocrx_word' id='word_1_56' title='bbox 1057 996 1165 1070; x_wconf 74' lang='lat' dir='ltr'>lu&#39;cem</span> 
     </span>
     <span class='ocr_line' id='line_1_8' title="bbox 77 1101 1165 1200; baseline -0.015 -25"><span class='ocrx_word' id='word_1_57' title='bbox 77 1109 244 1200; x_wconf 85' lang='lat' dir='ltr'>prodibit,</span> <span class='ocrx_word' id='word_1_58' title='bbox 288 1105 412 1194; x_wconf 73' lang='lat' dir='ltr'>insigni</span> <span class='ocrx_word' id='word_1_59' title='bbox 450 1103 645 1169; x_wconf 79' lang='lat' dir='ltr'><strong>humanitate</strong></span> <span class='ocrx_word' id='word_1_60' title='bbox 678 1101 835 1167; x_wconf 81' lang='lat' dir='ltr'>Boeclhii</span> <span class='ocrx_word' id='word_1_61' title='bbox 865 1113 899 1170; x_wconf 78' lang='lat' dir='ltr'>et</span> <span class='ocrx_word' id='word_1_62' title='bbox 928 1101 1060 1171; x_wconf 78' lang='lat' dir='ltr'>Franzii</span> <span class='ocrx_word' id='word_1_63' title='bbox 1089 1129 1165 1172; x_wconf 88' lang='lat' dir='ltr'>con.</span> 
     </span>
     <span class='ocr_line' id='line_1_9' title="bbox 77 1204 1164 1294; baseline -0.004 -18"><span class='ocrx_word' id='word_1_64' title='bbox 77 1234 216 1278; x_wconf 87' lang='lat' dir='ltr'>cessum.</span> <span class='ocrx_word' id='word_1_65' title='bbox 280 1208 425 1272; x_wconf 85' lang='lat' dir='ltr'>Titulus.</span> <span class='ocrx_word' id='word_1_66' title='bbox 451 1215 524 1270; x_wconf 89' lang='lat' dir='ltr'>ante</span> <span class='ocrx_word' id='word_1_67' title='bbox 556 1204 775 1272; x_wconf 76' lang='lat' dir='ltr'>Romanorum</span> <span class='ocrx_word' id='word_1_68' title='bbox 807 1208 843 1272; x_wconf 91' lang='lat' dir='ltr'>in</span> <span class='ocrx_word' id='word_1_69' title='bbox 875 1207 943 1272; x_wconf 90' lang='lat' dir='ltr'>illis</span> <span class='ocrx_word' id='word_1_70' title='bbox 974 1207 1164 1294; x_wconf 72' lang='lat' dir='ltr'>regionibus</span> 
     </span>
     <span class='ocr_line' id='line_1_10' title="bbox 78 1307 1192 1401; baseline 0 -25"><span class='ocrx_word' id='word_1_71' title='bbox 78 1311 249 1401; x_wconf 87' lang='lat' dir='ltr'>imperium</span> <span class='ocrx_word' id='word_1_72' title='bbox 283 1309 422 1398; x_wconf 89' lang='lat' dir='ltr'>scriptus</span> <span class='ocrx_word' id='word_1_73' title='bbox 453 1307 599 1392; x_wconf 77' lang='lat' dir='ltr'>videtur3</span> <span class='ocrx_word' id='word_1_74' title='bbox 643 1307 804 1373; x_wconf 86' lang='lat' dir='ltr'>interdum</span> <span class='ocrx_word' id='word_1_75' title='bbox 835 1309 947 1399; x_wconf 83' lang='lat' dir='ltr'>purior</span> <span class='ocrx_word' id='word_1_76' title='bbox 977 1308 1166 1376; x_wconf 89' lang='lat' dir='ltr'>Aeolismus</span> <span class='ocrx_word' id='word_1_77' title='bbox 1190 1353 1192 1366; x_wconf 89' lang='lat'>·</span> 
     </span>
     <span class='ocr_line' id='line_1_11' title="bbox 79 1409 1165 1502; baseline -0.004 -25"><span class='ocrx_word' id='word_1_78' title='bbox 79 1414 296 1493; x_wconf 86' lang='lat' dir='ltr'>desideratur,</span> <span class='ocrx_word' id='word_1_79' title='bbox 319 1422 354 1474; x_wconf 90' lang='lat' dir='ltr'>ut</span> <span class='ocrx_word' id='word_1_80' title='bbox 374 1413 478 1474; x_wconf 80' lang='grc' dir='ltr'><em>πᾶσαν</em></span> <span class='ocrx_word' id='word_1_81' title='bbox 498 1409 523 1474; x_wconf 92' lang='lat' dir='ltr'>l.</span> <span class='ocrx_word' id='word_1_82' title='bbox 546 1409 567 1476; x_wconf 85' lang='grc'>9</span> <span class='ocrx_word' id='word_1_83' title='bbox 588 1433 647 1498; x_wconf 90' lang='lat' dir='ltr'>pro</span> <span class='ocrx_word' id='word_1_84' title='bbox 669 1411 801 1486; x_wconf 83' lang='grc' dir='ltr'><em>παΐσαν,</em></span> <span class='ocrx_word' id='word_1_85' title='bbox 825 1411 849 1474; x_wconf 90' lang='lat' dir='ltr'>l.</span> <span class='ocrx_word' id='word_1_86' title='bbox 872 1411 915 1477; x_wconf 79' lang='lat'>28</span> <span class='ocrx_word' id='word_1_87' title='bbox 934 1411 1085 1496; x_wconf 74' lang='grc' dir='ltr'>ὑπάρχειν</span> <span class='ocrx_word' id='word_1_88' title='bbox 1105 1437 1165 1502; x_wconf 84' lang='lat' dir='ltr'>pro</span> 
     </span>
     <span class='ocr_line' id='line_1_12' title="bbox 79 1509 1167 1598; baseline 0.002 -22"><span class='ocrx_word' id='word_1_89' title='bbox 79 1513 220 1598; x_wconf 74' lang='grc' dir='ltr'><em>ὑπάρχην</em></span> <span class='ocrx_word' id='word_1_90' title='bbox 241 1522 321 1582; x_wconf 79' lang='lat' dir='ltr'>etc..</span> <span class='ocrx_word' id='word_1_91' title='bbox 350 1512 403 1576; x_wconf 82' lang='lat' dir='ltr'>vel</span> <span class='ocrx_word' id='word_1_92' title='bbox 424 1509 578 1575; x_wconf 80' lang='lat' dir='ltr'>dialectos</span> <span class='ocrx_word' id='word_1_93' title='bbox 601 1509 665 1574; x_wconf 87' lang='lat' dir='ltr'>sibi</span> <span class='ocrx_word' id='word_1_94' title='bbox 684 1535 750 1575; x_wconf 93' lang='lat' dir='ltr'>non</span> <span class='ocrx_word' id='word_1_95' title='bbox 772 1523 914 1594; x_wconf 82' lang='lat' dir='ltr'>constat,</span> <span class='ocrx_word' id='word_1_96' title='bbox 944 1523 979 1576; x_wconf 94' lang='lat' dir='ltr'>ut</span> <span class='ocrx_word' id='word_1_97' title='bbox 1000 1513 1023 1576; x_wconf 92' lang='lat' dir='ltr'>l.</span> <span class='ocrx_word' id='word_1_98' title='bbox 1050 1513 1100 1577; x_wconf 88' lang='grc'>16.</span> <span class='ocrx_word' id='word_1_99' title='bbox 1123 1515 1167 1580; x_wconf 75' lang='lat'>22</span> 
     </span>
     <span class='ocr_line' id='line_1_13' title="bbox 79 1611 1164 1702; baseline -0.001 -23"><span class='ocrx_word' id='word_1_100' title='bbox 79 1615 197 1702; x_wconf 75' lang='lat' dir='ltr'>legitur</span> <span class='ocrx_word' id='word_1_101' title='bbox 219 1615 251 1676; x_wconf 75' lang='grc' dir='ltr'>ἐν</span> <span class='ocrx_word' id='word_1_102' title='bbox 273 1617 313 1694; x_wconf 75' lang='grc' dir='ltr'>τῷ</span> <span class='ocrx_word' id='word_1_103' title='bbox 335 1613 438 1695; x_wconf 69' lang='lat' dir='ltr'>dyona,</span> <span class='ocrx_word' id='word_1_104' title='bbox 457 1636 643 1700; x_wconf 78' lang='lat' dir='ltr'>quanquam</span> <span class='ocrx_word' id='word_1_105' title='bbox 664 1612 698 1676; x_wconf 90' lang='lat' dir='ltr'>in</span> <span class='ocrx_word' id='word_1_106' title='bbox 721 1611 855 1698; x_wconf 76' lang='lat' dir='ltr'>reliquls</span> <span class='ocrx_word' id='word_1_107' title='bbox 879 1613 944 1676; x_wconf 88' lang='lat' dir='ltr'>iota</span> <span class='ocrx_word' id='word_1_108' title='bbox 964 1613 1061 1678; x_wconf 88' lang='lat' dir='ltr'>dativi</span> <span class='ocrx_word' id='word_1_109' title='bbox 1083 1637 1164 1678; x_wconf 79' lang='lat' dir='ltr'>senr-</span> 
     </span>
    </p>
   </div>
   <div class='ocr_carea' id='block_1_3' title="bbox 79 1710 1271 1805">
    <p class='ocr_par' dir='ltr' id='par_1_3' title="bbox 79 1710 1271 1805">
     <span class='ocr_line' id='line_1_14' title="bbox 79 1710 1271 1805; baseline -0.001 -25"><span class='ocrx_word' id='word_1_110' title='bbox 79 1741 136 1805; x_wconf 88' lang='lat' dir='ltr'>per</span> <span class='ocrx_word' id='word_1_111' title='bbox 157 1715 334 1796; x_wconf 84' lang='lat' dir='ltr'>omittitur,</span> <span class='ocrx_word' id='word_1_112' title='bbox 358 1737 439 1802; x_wconf 88' lang='lat' dir='ltr'>quae</span> <span class='ocrx_word' id='word_1_113' title='bbox 459 1713 536 1778; x_wconf 90' lang='lat' dir='ltr'>inde</span> <span class='ocrx_word' id='word_1_114' title='bbox 558 1713 751 1802; x_wconf 82' lang='lat' dir='ltr'>explicanda</span> <span class='ocrx_word' id='word_1_115' title='bbox 771 1725 863 1789; x_wconf 90' lang='lat' dir='ltr'>suut,</span> <span class='ocrx_word' id='word_1_116' title='bbox 887 1715 975 1800; x_wconf 88' lang='lat' dir='ltr'>quod</span> <span class='ocrx_word' id='word_1_117' title='bbox 995 1715 1165 1804; x_wconf 76' lang='lat' dir='ltr'>inscriptio</span> <span class='ocrx_word' id='word_1_118' title='bbox 1268 1710 1271 1719; x_wconf 71' lang='grc'><strong>’</strong></span> 
     </span>
    </p>
   </div>
   <div class='ocr_carea' id='block_1_4' title="bbox 78 1814 1240 3424">
    <p class='ocr_par' dir='ltr' id='par_1_4' title="bbox 78 1814 1166 2006">
     <span class='ocr_line' id='line_1_15' title="bbox 80 1814 1166 1906; baseline 0 -26"><span class='ocrx_word' id='word_1_119' title='bbox 80 1815 272 1906; x_wconf 80' lang='lat' dir='ltr'>Lampsaci,</span> <span class='ocrx_word' id='word_1_120' title='bbox 304 1815 339 1878; x_wconf 91' lang='lat' dir='ltr'>in</span> <span class='ocrx_word' id='word_1_121' title='bbox 361 1815 440 1878; x_wconf 84' lang='lat' dir='ltr'>urbe</span> <span class='ocrx_word' id='word_1_122' title='bbox 462 1838 528 1878; x_wconf 90' lang='lat' dir='ltr'>non</span> <span class='ocrx_word' id='word_1_123' title='bbox 547 1815 702 1898; x_wconf 83' lang='lat' dir='ltr'>Aeolica,</span> <span class='ocrx_word' id='word_1_124' title='bbox 724 1839 742 1879; x_wconf 86' lang='lat' dir='ltr'>a</span> <span class='ocrx_word' id='word_1_125' title='bbox 762 1814 900 1903; x_wconf 86' lang='lat' dir='ltr'>lapicida</span> <span class='ocrx_word' id='word_1_126' title='bbox 919 1815 1075 1882; x_wconf 88' lang='lat' dir='ltr'>Aeolicae</span> <span class='ocrx_word' id='word_1_127' title='bbox 1097 1817 1166 1902; x_wconf 77' lang='lat' dir='ltr'>dia-</span> 
     </span>
     <span class='ocr_line' id='line_1_16' title="bbox 78 1917 559 2006; baseline -0.01 -22"><span class='ocrx_word' id='word_1_128' title='bbox 78 1919 153 1984; x_wconf 88' lang='lat' dir='ltr'>leeti</span> <span class='ocrx_word' id='word_1_129' title='bbox 175 1919 289 2006; x_wconf 74' lang='lat' dir='ltr'>ignaro</span> <span class='ocrx_word' id='word_1_130' title='bbox 310 1917 413 1982; x_wconf 89' lang='lat' dir='ltr'>ineisa</span> <span class='ocrx_word' id='word_1_131' title='bbox 434 1926 493 1980; x_wconf 89' lang='lat' dir='ltr'>est.</span> <span class='ocrx_word' id='word_1_132' title='bbox 516 1953 559 1966; x_wconf 92' lang='lat'>-</span> 
     </span>
    </p>

    <p class='ocr_par' dir='ltr' id='par_1_5' title="bbox 79 2013 1240 3424">
     <span class='ocr_line' id='line_1_17' title="bbox 142 2013 1163 2106; baseline -0.001 -21"><span class='ocrx_word' id='word_1_133' title='bbox 142 2021 176 2100; x_wconf 84' lang='lat'>3)</span> <span class='ocrx_word' id='word_1_134' title='bbox 198 2018 319 2084; x_wconf 73' lang='lat' dir='ltr'>Poiitae</span> <span class='ocrx_word' id='word_1_135' title='bbox 335 2013 461 2097; x_wconf 80' lang='lat' dir='ltr'>Lesbii,</span> <span class='ocrx_word' id='word_1_136' title='bbox 482 2018 665 2082; x_wconf 86' lang='lat' dir='ltr'>Alcaeus</span> <span class='ocrx_word' id='word_1_137' title='bbox 687 2029 719 2080; x_wconf 91' lang='lat' dir='ltr'>et</span> <span class='ocrx_word' id='word_1_138' title='bbox 740 2016 915 2106; x_wconf 82' lang='lat' dir='ltr'>Sappho,</span> <span class='ocrx_word' id='word_1_139' title='bbox 936 2017 1073 2084; x_wconf 88' lang='lat' dir='ltr'>Aeolica</span> <span class='ocrx_word' id='word_1_140' title='bbox 1094 2019 1117 2082; x_wconf 88' lang='lat' dir='ltr'>i.</span> <span class='ocrx_word' id='word_1_141' title='bbox 1134 2043 1163 2084; x_wconf 87' lang='lat' dir='ltr'>e.</span> 
     </span>
     <span class='ocr_line' id='line_1_18' title="bbox 80 2118 1240 2208; baseline -0.002 -22"><span class='ocrx_word' id='word_1_142' title='bbox 80 2121 240 2186; x_wconf 88' lang='lat' dir='ltr'>Lesbiaea</span> <span class='ocrx_word' id='word_1_143' title='bbox 261 2119 396 2184; x_wconf 92' lang='lat' dir='ltr'>dialecto</span> <span class='ocrx_word' id='word_1_144' title='bbox 420 2119 471 2183; x_wconf 91' lang='lat' dir='ltr'>usi</span> <span class='ocrx_word' id='word_1_145' title='bbox 492 2121 639 2184; x_wconf 81' lang='lat' dir='ltr'>feruutur</span> <span class='ocrx_word' id='word_1_146' title='bbox 653 2122 686 2199; x_wconf 74' lang='grc'>2)</span> <span class='ocrx_word' id='word_1_147' title='bbox 709 2130 741 2183; x_wconf 92' lang='lat' dir='ltr'>et</span> <span class='ocrx_word' id='word_1_148' title='bbox 763 2118 949 2208; x_wconf 83' lang='lat' dir='ltr'>saepissime</span> <span class='ocrx_word' id='word_1_149' title='bbox 971 2141 989 2182; x_wconf 85' lang='lat' dir='ltr'>a</span> <span class='ocrx_word' id='word_1_150' title='bbox 1010 2142 1165 2206; x_wconf 73' lang='lat' dir='ltr'>gramma-</span> <span class='ocrx_word' id='word_1_151' title='bbox 1235 2125 1240 2129; x_wconf 79' lang='grc'><strong>’</strong></span> 
     </span>
     <span class='ocr_line' id='line_1_19' title="bbox 79 2219 1165 2308; baseline -0.002 -21"><span class='ocrx_word' id='word_1_152' title='bbox 79 2224 153 2287; x_wconf 89' lang='lat' dir='ltr'>tieis</span> <span class='ocrx_word' id='word_1_153' title='bbox 181 2223 251 2308; x_wconf 89' lang='lat' dir='ltr'>ejus</span> <span class='ocrx_word' id='word_1_154' title='bbox 280 2232 424 2284; x_wconf 86' lang='lat' dir='ltr'>auctores</span> <span class='ocrx_word' id='word_1_155' title='bbox 455 2219 623 2284; x_wconf 84' lang='lat' dir='ltr'>hahentur.</span> <span class='ocrx_word' id='word_1_156' title='bbox 690 2221 735 2285; x_wconf 89' lang='lat' dir='ltr'>Et</span> <span class='ocrx_word' id='word_1_157' title='bbox 763 2221 840 2286; x_wconf 86' lang='lat' dir='ltr'>satis</span> <span class='ocrx_word' id='word_1_158' title='bbox 862 2221 992 2308; x_wconf 90' lang='lat' dir='ltr'>quidem</span> <span class='ocrx_word' id='word_1_159' title='bbox 1021 2233 1165 2285; x_wconf 87' lang='lat' dir='ltr'>accurate</span> 
     </span>
     <span class='ocr_line' id='line_1_20' title="bbox 80 2322 1165 2412; baseline -0.004 -22"><span class='ocrx_word' id='word_1_160' title='bbox 80 2350 147 2390; x_wconf 80' lang='lat' dir='ltr'>earn</span> <span class='ocrx_word' id='word_1_161' title='bbox 171 2334 411 2410; x_wconf 85' lang='lat' dir='ltr'>expresserunt,</span> <span class='ocrx_word' id='word_1_162' title='bbox 434 2347 514 2404; x_wconf 89' lang='lat' dir='ltr'>uon,</span> <span class='ocrx_word' id='word_1_163' title='bbox 536 2333 572 2386; x_wconf 91' lang='lat' dir='ltr'>ut</span> <span class='ocrx_word' id='word_1_164' title='bbox 592 2322 706 2387; x_wconf 90' lang='lat' dir='ltr'>Dorici</span> <span class='ocrx_word' id='word_1_165' title='bbox 728 2329 841 2412; x_wconf 77' lang='lat' dir='ltr'>po&#39;etne</span> <span class='ocrx_word' id='word_1_166' title='bbox 862 2323 971 2410; x_wconf 70' lang='lat' dir='ltr'>lyrici,</span> <span class='ocrx_word' id='word_1_167' title='bbox 995 2322 1165 2386; x_wconf 86' lang='lat' dir='ltr'>dialectum</span> 
     </span>
     <span class='ocr_line' id='line_1_21' title="bbox 80 2422 1165 2514; baseline -0.003 -24"><span class='ocrx_word' id='word_1_168' title='bbox 80 2427 142 2490; x_wconf 90' lang='lat' dir='ltr'>sihi</span> <span class='ocrx_word' id='word_1_169' title='bbox 171 2424 236 2513; x_wconf 90' lang='lat' dir='ltr'>ipsi</span> <span class='ocrx_word' id='word_1_170' title='bbox 263 2422 426 2486; x_wconf 86' lang='lat' dir='ltr'>finxerunt</span> <span class='ocrx_word' id='word_1_171' title='bbox 448 2447 465 2486; x_wconf 89' lang='lat' dir='ltr'>e</span> <span class='ocrx_word' id='word_1_172' title='bbox 486 2423 583 2487; x_wconf 87' lang='lat' dir='ltr'>variis</span> <span class='ocrx_word' id='word_1_173' title='bbox 606 2423 750 2488; x_wconf 79' lang='lat' dir='ltr'>dialectis</span> <span class='ocrx_word' id='word_1_174' title='bbox 782 2425 1001 2514; x_wconf 85' lang='lat' dir='ltr'>compositam.</span> <span class='ocrx_word' id='word_1_175' title='bbox 1067 2423 1165 2488; x_wconf 87' lang='lat' dir='ltr'>Modo</span> 
     </span>
     <span class='ocr_line' id='line_1_22' title="bbox 80 2523 1165 2614; baseline -0.004 -22"><span class='ocrx_word' id='word_1_176' title='bbox 80 2529 165 2592; x_wconf 86' lang='lat' dir='ltr'>enim</span> <span class='ocrx_word' id='word_1_177' title='bbox 188 2536 390 2614; x_wconf 74' lang='lat' dir='ltr'>reputemuS,</span> <span class='ocrx_word' id='word_1_178' title='bbox 426 2523 461 2588; x_wconf 91' lang='lat' dir='ltr'>in</span> <span class='ocrx_word' id='word_1_179' title='bbox 490 2525 678 2610; x_wconf 71' lang='lat' dir='ltr'>fragmentis</span> <span class='ocrx_word' id='word_1_180' title='bbox 699 2525 752 2588; x_wconf 79' lang='lat' dir='ltr'>llic</span> <span class='ocrx_word' id='word_1_181' title='bbox 774 2526 844 2589; x_wconf 91' lang='lat' dir='ltr'>illie</span> <span class='ocrx_word' id='word_1_182' title='bbox 866 2527 999 2592; x_wconf 81' lang='lat' dir='ltr'>servatis</span> <span class='ocrx_word' id='word_1_183' title='bbox 1020 2525 1165 2614; x_wconf 87' lang='lat' dir='ltr'>proprie-</span> 
     </span>
     <span class='ocr_line' id='line_1_23' title="bbox 80 2624 1165 2714; baseline -0.005 -20"><span class='ocrx_word' id='word_1_184' title='bbox 80 2641 175 2694; x_wconf 80' lang='lat' dir='ltr'>tatem</span> <span class='ocrx_word' id='word_1_185' title='bbox 198 2625 325 2692; x_wconf 88' lang='lat' dir='ltr'>dialecti</span> <span class='ocrx_word' id='word_1_186' title='bbox 346 2624 441 2688; x_wconf 84' lang='lat' dir='ltr'>faeile</span> <span class='ocrx_word' id='word_1_187' title='bbox 463 2625 583 2709; x_wconf 90' lang='lat' dir='ltr'>deleri,</span> <span class='ocrx_word' id='word_1_188' title='bbox 616 2627 830 2714; x_wconf 87' lang='lat' dir='ltr'>paucissima,</span> <span class='ocrx_word' id='word_1_189' title='bbox 862 2627 959 2691; x_wconf 91' lang='lat' dir='ltr'>immo</span> <span class='ocrx_word' id='word_1_190' title='bbox 987 2628 1076 2690; x_wconf 88' lang='lat' dir='ltr'>nulla</span> <span class='ocrx_word' id='word_1_191' title='bbox 1100 2628 1165 2690; x_wconf 85' lang='lat' dir='ltr'>lere</span> 
     </span>
     <span class='ocr_line' id='line_1_24' title="bbox 80 2727 1165 2820; baseline -0.003 -26"><span class='ocrx_word' id='word_1_192' title='bbox 80 2731 164 2820; x_wconf 91' lang='lat' dir='ltr'>apud</span> <span class='ocrx_word' id='word_1_193' title='bbox 185 2729 261 2792; x_wconf 90' lang='lat' dir='ltr'>illos</span> <span class='ocrx_word' id='word_1_194' title='bbox 283 2728 434 2813; x_wconf 75' lang='lat' dir='ltr'>leguntur</span> <span class='ocrx_word' id='word_1_195' title='bbox 456 2727 579 2792; x_wconf 85' lang='lat' dir='ltr'>diversa</span> <span class='ocrx_word' id='word_1_196' title='bbox 601 2728 641 2792; x_wconf 88' lang='lat' dir='ltr'>ab</span> <span class='ocrx_word' id='word_1_197' title='bbox 663 2727 728 2806; x_wconf 89' lang='lat' dir='ltr'>iis,</span> <span class='ocrx_word' id='word_1_198' title='bbox 751 2733 832 2816; x_wconf 72' lang='lat' dir='ltr'>qliae</span> <span class='ocrx_word' id='word_1_199' title='bbox 854 2728 984 2792; x_wconf 89' lang='lat' dir='ltr'>aliunde</span> <span class='ocrx_word' id='word_1_200' title='bbox 1007 2727 1165 2791; x_wconf 86' lang='lat' dir='ltr'>Lesbiaea</span> 
     </span>
     <span class='ocr_line' id='line_1_25' title="bbox 80 2828 1164 2916; baseline -0.005 -19"><span class='ocrx_word' id='word_1_201' title='bbox 80 2833 180 2896; x_wconf 85' lang='lat' dir='ltr'>fuisse</span> <span class='ocrx_word' id='word_1_202' title='bbox 201 2839 322 2895; x_wconf 81' lang='lat' dir='ltr'>certrmr</span> <span class='ocrx_word' id='word_1_203' title='bbox 344 2840 402 2892; x_wconf 87' lang='lat' dir='ltr'>cst.</span> <span class='ocrx_word' id='word_1_204' title='bbox 447 2829 530 2892; x_wconf 86' lang='lat' dir='ltr'>Nam</span> <span class='ocrx_word' id='word_1_205' title='bbox 552 2853 593 2892; x_wconf 90' lang='lat' dir='ltr'>ne</span> <span class='ocrx_word' id='word_1_206' title='bbox 616 2828 761 2916; x_wconf 89' lang='lat' dir='ltr'>duplices</span> <span class='ocrx_word' id='word_1_207' title='bbox 783 2829 932 2916; x_wconf 86' lang='lat' dir='ltr'>quidem,</span> <span class='ocrx_word' id='word_1_208' title='bbox 965 2851 1045 2916; x_wconf 88' lang='lat' dir='ltr'>qnae</span> <span class='ocrx_word' id='word_1_209' title='bbox 1068 2829 1164 2894; x_wconf 86' lang='lat' dir='ltr'>inter-</span> 
     </span>
     <span class='ocr_line' id='line_1_26' title="bbox 80 2929 1164 3020; baseline -0.006 -22"><span class='ocrx_word' id='word_1_210' title='bbox 80 2935 154 2998; x_wconf 90' lang='lat' dir='ltr'>dum</span> <span class='ocrx_word' id='word_1_211' title='bbox 175 2931 381 3020; x_wconf 87' lang='lat' dir='ltr'>reperiuntur</span> <span class='ocrx_word' id='word_1_212' title='bbox 394 2932 446 3010; x_wconf 78' lang='lat'>3),</span> <span class='ocrx_word' id='word_1_213' title='bbox 481 2929 602 2992; x_wconf 83' lang='lat' dir='ltr'>formae</span> <span class='ocrx_word' id='word_1_214' title='bbox 624 2938 699 2991; x_wconf 70' lang='lat' dir='ltr'>scrut</span> <span class='ocrx_word' id='word_1_215' title='bbox 721 2940 807 2992; x_wconf 88' lang='lat' dir='ltr'>certa</span> <span class='ocrx_word' id='word_1_216' title='bbox 827 2929 945 2993; x_wconf 84' lang='lat' dir='ltr'>mixtae</span> <span class='ocrx_word' id='word_1_217' title='bbox 966 2929 1095 2994; x_wconf 86' lang='lat' dir='ltr'>dialecti</span> <span class='ocrx_word' id='word_1_218' title='bbox 1116 2929 1164 2992; x_wconf 88' lang='lat' dir='ltr'>in-</span> 
     </span>
     <span class='ocr_line' id='line_1_27' title="bbox 81 3029 1165 3120; baseline -0.003 -21"><span class='ocrx_word' id='word_1_219' title='bbox 81 3035 182 3118; x_wconf 75' lang='lat' dir='ltr'>dicia3</span> <span class='ocrx_word' id='word_1_220' title='bbox 205 3055 300 3120; x_wconf 87' lang='lat' dir='ltr'>saepe</span> <span class='ocrx_word' id='word_1_221' title='bbox 321 3030 408 3093; x_wconf 89' lang='lat' dir='ltr'>enim</span> <span class='ocrx_word' id='word_1_222' title='bbox 429 3029 608 3118; x_wconf 75' lang='lat' dir='ltr'>iu&#39;linguis</span> <span class='ocrx_word' id='word_1_223' title='bbox 630 3040 662 3093; x_wconf 91' lang='lat' dir='ltr'>et</span> <span class='ocrx_word' id='word_1_224' title='bbox 683 3029 828 3094; x_wconf 88' lang='lat' dir='ltr'>dialectis</span> <span class='ocrx_word' id='word_1_225' title='bbox 851 3031 947 3096; x_wconf 87' lang='lat' dir='ltr'>simul</span> <span class='ocrx_word' id='word_1_226' title='bbox 968 3031 1079 3118; x_wconf 71' lang='lat' dir='ltr'>vigent</span> <span class='ocrx_word' id='word_1_227' title='bbox 1100 3033 1165 3096; x_wconf 86' lang='lat' dir='ltr'>for-</span> 
     </span>
     <span class='ocr_line' id='line_1_28' title="bbox 80 3121 1163 3222; baseline -0.003 -22"><span class='ocrx_word' id='word_1_228' title='bbox 80 3161 146 3200; x_wconf 90' lang='lat' dir='ltr'>mae</span> <span class='ocrx_word' id='word_1_229' title='bbox 178 3132 341 3222; x_wconf 83' lang='lat' dir='ltr'>pleniores</span> <span class='ocrx_word' id='word_1_230' title='bbox 371 3121 403 3196; x_wconf 79' lang='lat' dir='ltr'>et</span> <span class='ocrx_word' id='word_1_231' title='bbox 434 3131 619 3213; x_wconf 86' lang='lat' dir='ltr'>breviores,</span> <span class='ocrx_word' id='word_1_232' title='bbox 660 3130 872 3196; x_wconf 86' lang='lat' dir='ltr'>obsoletiores</span> <span class='ocrx_word' id='word_1_233' title='bbox 905 3143 937 3196; x_wconf 89' lang='lat' dir='ltr'>et</span> <span class='ocrx_word' id='word_1_234' title='bbox 968 3134 1163 3215; x_wconf 85' lang='lat' dir='ltr'>usitatiores,</span> 
     </span>
     <span class='ocr_line' id='line_1_29' title="bbox 81 3232 1163 3324; baseline -0.002 -24"><span class='ocrx_word' id='word_1_235' title='bbox 81 3259 184 3324; x_wconf 89' lang='lat' dir='ltr'>neque</span> <span class='ocrx_word' id='word_1_236' title='bbox 220 3233 336 3298; x_wconf 85' lang='lat' dir='ltr'>mirum</span> <span class='ocrx_word' id='word_1_237' title='bbox 369 3232 506 3314; x_wconf 83' lang='lat' dir='ltr'>maxime</span> <span class='ocrx_word' id='word_1_238' title='bbox 537 3238 656 3320; x_wconf 75' lang='lat' dir='ltr'>politas</span> <span class='ocrx_word' id='word_1_239' title='bbox 680 3233 776 3296; x_wconf 85' lang='lat' dir='ltr'>talem</span> <span class='ocrx_word' id='word_1_240' title='bbox 808 3232 938 3320; x_wconf 76' lang='lat' dir='ltr'>linguae</span> <span class='ocrx_word' id='word_1_241' title='bbox 972 3233 1096 3324; x_wconf 88' lang='lat' dir='ltr'>copiam</span> <span class='ocrx_word' id='word_1_242' title='bbox 1128 3235 1163 3298; x_wconf 91' lang='lat' dir='ltr'>in</span> 
     </span>
     <span class='ocr_line' id='line_1_30' title="bbox 82 3331 1163 3424; baseline -0.002 -22"><span class='ocrx_word' id='word_1_243' title='bbox 82 3362 172 3402; x_wconf 88' lang='lat' dir='ltr'>suum</span> <span class='ocrx_word' id='word_1_244' title='bbox 189 3359 287 3400; x_wconf 91' lang='lat' dir='ltr'>usum</span> <span class='ocrx_word' id='word_1_245' title='bbox 308 3345 515 3416; x_wconf 83' lang='lat' dir='ltr'>convertere,</span> <span class='ocrx_word' id='word_1_246' title='bbox 538 3344 573 3396; x_wconf 92' lang='lat' dir='ltr'>ut</span> <span class='ocrx_word' id='word_1_247' title='bbox 594 3331 691 3396; x_wconf 91' lang='lat' dir='ltr'>iidem</span> <span class='ocrx_word' id='word_1_248' title='bbox 714 3333 888 3421; x_wconf 89' lang='lat' dir='ltr'>quantitate</span> <span class='ocrx_word' id='word_1_249' title='bbox 911 3336 1106 3424; x_wconf 71' lang='lat' dir='ltr'>syllabarum</span> <span class='ocrx_word' id='word_1_250' title='bbox 1128 3336 1163 3400; x_wconf 90' lang='lat' dir='ltr'>iu</span> 
     </span>
    </p>
   </div>
   <div class='ocr_carea' id='block_1_5' title="bbox 81 3608 1160 3770">
    <p class='ocr_par' dir='ltr' id='par_1_6' title="bbox 81 3608 1160 3770">
     <span class='ocr_line' id='line_1_31' title="bbox 112 3608 1160 3684; baseline 0.003 -18"><span class='ocrx_word' id='word_1_251' title='bbox 112 3615 140 3679; x_wconf 78' lang='lat'>2)</span> <span class='ocrx_word' id='word_1_252' title='bbox 176 3611 270 3680; x_wconf 84' lang='lat' dir='ltr'>Apoll.</span> <span class='ocrx_word' id='word_1_253' title='bbox 296 3608 331 3661; x_wconf 92' lang='lat' dir='ltr'>de</span> <span class='ocrx_word' id='word_1_254' title='bbox 353 3616 426 3680; x_wconf 85' lang='lat' dir='ltr'>synt.</span> <span class='ocrx_word' id='word_1_255' title='bbox 445 3611 511 3676; x_wconf 76' lang='lat' dir='ltr'>tte,</span> <span class='ocrx_word' id='word_1_256' title='bbox 528 3612 571 3664; x_wconf 70' lang='lat'>25.</span> <span class='ocrx_word' id='word_1_257' title='bbox 614 3612 712 3664; x_wconf 82' lang='lat' dir='ltr'>loann.</span> <span class='ocrx_word' id='word_1_258' title='bbox 741 3609 791 3664; x_wconf 84' lang='lat' dir='ltr'>Gr.</span> <span class='ocrx_word' id='word_1_259' title='bbox 816 3613 880 3678; x_wconf 74' lang='lat'>245,</span> <span class='ocrx_word' id='word_1_260' title='bbox 900 3611 931 3678; x_wconf 87' lang='lat' dir='ltr'>b,</span> <span class='ocrx_word' id='word_1_261' title='bbox 962 3613 1049 3682; x_wconf 83' lang='lat' dir='ltr'>Greg.</span> <span class='ocrx_word' id='word_1_262' title='bbox 1076 3615 1107 3669; x_wconf 84' lang='lat' dir='ltr'>G.</span> <span class='ocrx_word' id='word_1_263' title='bbox 1134 3633 1160 3684; x_wconf 88' lang='lat' dir='ltr'>p.</span> 
     </span>
     <span class='ocr_line' id='line_1_32' title="bbox 81 3695 1135 3770; baseline -0.001 -17"><span class='ocrx_word' id='word_1_264' title='bbox 81 3703 105 3753; x_wconf 91' lang='lat'>6.</span> <span class='ocrx_word' id='word_1_265' title='bbox 126 3702 173 3768; x_wconf 88' lang='lat' dir='ltr'>ll,</span> <span class='ocrx_word' id='word_1_266' title='bbox 201 3695 282 3750; x_wconf 86' lang='lat' dir='ltr'>Leid.</span> <span class='ocrx_word' id='word_1_267' title='bbox 301 3697 368 3761; x_wconf 76' lang='lat'>639,</span> <span class='ocrx_word' id='word_1_268' title='bbox 395 3695 510 3748; x_wconf 72' lang='lat' dir='ltr'>Mecum.</span> <span class='ocrx_word' id='word_1_269' title='bbox 528 3699 592 3762; x_wconf 62' lang='grc'>643,</span> <span class='ocrx_word' id='word_1_270' title='bbox 611 3697 710 3765; x_wconf 81' lang='lat' dir='ltr'>Epigr.</span> <span class='ocrx_word' id='word_1_271' title='bbox 731 3698 758 3750; x_wconf 89' lang='lat' dir='ltr'>in</span> <span class='ocrx_word' id='word_1_272' title='bbox 776 3698 881 3752; x_wconf 90' lang='lat' dir='ltr'>Scholl.</span> <span class='ocrx_word' id='word_1_273' title='bbox 900 3699 983 3754; x_wconf 87' lang='lat' dir='ltr'>Pind.</span> <span class='ocrx_word' id='word_1_274' title='bbox 1004 3718 1031 3770; x_wconf 87' lang='lat' dir='ltr'>p.</span> <span class='ocrx_word' id='word_1_275' title='bbox 1051 3705 1081 3766; x_wconf 89' lang='grc'>8,</span> <span class='ocrx_word' id='word_1_276' title='bbox 1102 3702 1135 3753; x_wconf 87' lang='grc' dir='ltr'>Β,</span> 
     </span>
    </p>
   </div>
   <div class='ocr_carea' id='block_1_6' title="bbox 80 3789 1161 3968">
    <p class='ocr_par' dir='ltr' id='par_1_7' title="bbox 80 3789 1161 3968">
     <span class='ocr_line' id='line_1_33' title="bbox 113 3789 1161 3868; baseline 0.004 -23"><span class='ocrx_word' id='word_1_277' title='bbox 113 3799 139 3860; x_wconf 86' lang='grc'>3)</span> <span class='ocrx_word' id='word_1_278' title='bbox 177 3795 214 3868; x_wconf 82' lang='lat' dir='ltr'>Ut</span> <span class='ocrx_word' id='word_1_279' title='bbox 231 3796 315 3859; x_wconf 70' lang='grc' dir='ltr'>πιέζω</span> <span class='ocrx_word' id='word_1_280' title='bbox 332 3801 360 3844; x_wconf 90' lang='lat' dir='ltr'>et</span> <span class='ocrx_word' id='word_1_281' title='bbox 377 3789 467 3857; x_wconf 74' lang='grc' dir='ltr'>πιάζω</span> <span class='ocrx_word' id='word_1_282' title='bbox 489 3793 561 3860; x_wconf 88' lang='lat' dir='ltr'>apud</span> <span class='ocrx_word' id='word_1_283' title='bbox 582 3793 713 3846; x_wconf 77' lang='lat' dir='ltr'>Alcaeum</span> <span class='ocrx_word' id='word_1_284' title='bbox 732 3804 800 3847; x_wconf 84' lang='lat' dir='ltr'>teste</span> <span class='ocrx_word' id='word_1_285' title='bbox 819 3793 922 3848; x_wconf 84' lang='lat' dir='ltr'>Herod.</span> <span class='ocrx_word' id='word_1_286' title='bbox 941 3815 971 3850; x_wconf 87' lang='grc' dir='ltr'>π.</span> <span class='ocrx_word' id='word_1_287' title='bbox 989 3816 1020 3863; x_wconf 80' lang='grc' dir='ltr'>μ.</span> <span class='ocrx_word' id='word_1_288' title='bbox 1039 3793 1061 3849; x_wconf 81' lang='lat' dir='ltr'>l.</span> <span class='ocrx_word' id='word_1_289' title='bbox 1080 3798 1126 3861; x_wconf 76' lang='grc'>44,</span> <span class='ocrx_word' id='word_1_290' title='bbox 1144 3799 1161 3849; x_wconf 90' lang='grc'>9</span> 
     </span>
     <span class='ocr_line' id='line_1_34' title="bbox 80 3883 1158 3968; baseline -0.002 -17"><span class='ocrx_word' id='word_1_291' title='bbox 80 3901 113 3968; x_wconf 65' lang='lat' dir='ltr'>(a.</span> <span class='ocrx_word' id='word_1_292' title='bbox 131 3900 238 3951; x_wconf 73' lang='lat' dir='ltr'>naa.</span> <span class='ocrx_word' id='word_1_293' title='bbox 259 3895 303 3962; x_wconf 71' lang='lat'>1),</span> <span class='ocrx_word' id='word_1_294' title='bbox 321 3909 383 3960; x_wconf 76' lang='lat' dir='ltr'>gen.</span> <span class='ocrx_word' id='word_1_295' title='bbox 403 3911 443 3961; x_wconf 76' lang='lat' dir='ltr'>sg.</span> <span class='ocrx_word' id='word_1_296' title='bbox 463 3894 534 3948; x_wconf 70' lang='lat' dir='ltr'>decr.</span> <span class='ocrx_word' id='word_1_297' title='bbox 553 3897 590 3948; x_wconf 94' lang='lat'>11.</span> <span class='ocrx_word' id='word_1_298' title='bbox 610 3895 636 3946; x_wconf 70' lang='lat' dir='ltr'>ln</span> <span class='ocrx_word' id='word_1_299' title='bbox 656 3917 677 3948; x_wconf 69' lang='lat' dir='ltr'>a</span> <span class='ocrx_word' id='word_1_300' title='bbox 696 3883 782 3951; x_wconf 56' lang='lat' dir='ltr'>aa}</span> <span class='ocrx_word' id='word_1_301' title='bbox 799 3898 820 3963; x_wconf 69' lang='lat' dir='ltr'>a.</span> <span class='ocrx_word' id='word_1_302' title='bbox 837 3899 887 3963; x_wconf 82' lang='lat' dir='ltr'>ao,</span> <span class='ocrx_word' id='word_1_303' title='bbox 906 3900 937 3963; x_wconf 65' lang='lat' dir='ltr'>a</span> <span class='ocrx_word' id='word_1_304' title='bbox 957 3897 1011 3951; x_wconf 76' lang='lat' dir='ltr'>aar.</span> <span class='ocrx_word' id='word_1_305' title='bbox 1031 3899 1070 3966; x_wconf 79' lang='lat' dir='ltr'>pr.</span> <span class='ocrx_word' id='word_1_306' title='bbox 1089 3896 1158 3949; x_wconf 74' lang='lat' dir='ltr'>aea.</span> 
     </span>
    </p>
   </div>
   <div class='ocr_carea' id='block_1_7' title="bbox 80 3983 1160 4238">
    <p class='ocr_par' dir='ltr' id='par_1_8' title="bbox 80 3983 1160 4238">
     <span class='ocr_line' id='line_1_35' title="bbox 80 3983 1160 4066; baseline 0.001 -14"><span class='ocrx_word' id='word_1_307' title='bbox 80 4001 132 4052; x_wconf 88' lang='lat'>111.</span> <span class='ocrx_word' id='word_1_308' title='bbox 150 3999 178 4050; x_wconf 86' lang='lat' dir='ltr'>in</span> <span class='ocrx_word' id='word_1_309' title='bbox 196 3985 257 4050; x_wconf 59' lang='grc' dir='ltr'>ῖσῖ</span> <span class='ocrx_word' id='word_1_310' title='bbox 270 3983 341 4050; x_wconf 69' lang='lat' dir='ltr'>all</span> <span class='ocrx_word' id='word_1_311' title='bbox 363 3997 384 4062; x_wconf 66' lang='lat' dir='ltr'>a.</span> <span class='ocrx_word' id='word_1_312' title='bbox 404 3999 453 4066; x_wconf 80' lang='lat'>21,</span> <span class='ocrx_word' id='word_1_313' title='bbox 472 4002 504 4066; x_wconf 73' lang='lat' dir='ltr'>a,</span> <span class='ocrx_word' id='word_1_314' title='bbox 532 3996 647 4066; x_wconf 59' lang='lat' dir='ltr'>aaaron</span> <span class='ocrx_word' id='word_1_315' title='bbox 666 4010 693 4054; x_wconf 72' lang='lat' dir='ltr'>a</span> <span class='ocrx_word' id='word_1_316' title='bbox 708 3995 832 4064; x_wconf 62' lang='lat' dir='ltr'>‘Azitta</span> <span class='ocrx_word' id='word_1_317' title='bbox 860 4001 881 4064; x_wconf 69' lang='lat'>5.</span> <span class='ocrx_word' id='word_1_318' title='bbox 901 4001 951 4065; x_wconf 81' lang='lat'>21,</span> <span class='ocrx_word' id='word_1_319' title='bbox 972 4004 1004 4066; x_wconf 59' lang='grc' dir='ltr'><em>ω</em></span> <span class='ocrx_word' id='word_1_320' title='bbox 1023 4000 1160 4065; x_wconf 78' lang='lat' dir='ltr'>digamma</span> 
     </span>
     <span class='ocr_line' id='line_1_36' title="bbox 81 4081 1160 4156; baseline 0.003 -19"><span class='ocrx_word' id='word_1_321' title='bbox 81 4085 162 4137; x_wconf 87' lang='lat' dir='ltr'>modo</span> <span class='ocrx_word' id='word_1_322' title='bbox 188 4093 353 4152; x_wconf 86' lang='lat' dir='ltr'>assumptum</span> <span class='ocrx_word' id='word_1_323' title='bbox 382 4083 464 4137; x_wconf 89' lang='lat' dir='ltr'>modo</span> <span class='ocrx_word' id='word_1_324' title='bbox 490 4085 643 4152; x_wconf 80' lang='lat' dir='ltr'>neglectum</span> <span class='ocrx_word' id='word_1_325' title='bbox 664 4085 718 4139; x_wconf 84' lang='lat' dir='ltr'>vid.</span> <span class='ocrx_word' id='word_1_326' title='bbox 738 4089 760 4155; x_wconf 66' lang='lat' dir='ltr'>l.</span> <span class='ocrx_word' id='word_1_327' title='bbox 780 4089 810 4154; x_wconf 84' lang='lat'>5,</span> <span class='ocrx_word' id='word_1_328' title='bbox 828 4089 860 4152; x_wconf 67' lang='grc' dir='ltr'>ὃς</span> <span class='ocrx_word' id='word_1_329' title='bbox 884 4081 996 4156; x_wconf 72' lang='grc' dir='ltr'>πόθημι</span> <span class='ocrx_word' id='word_1_330' title='bbox 1014 4097 1042 4140; x_wconf 90' lang='lat' dir='ltr'>et</span> <span class='ocrx_word' id='word_1_331' title='bbox 1058 4084 1160 4156; x_wconf 72' lang='grc' dir='ltr'><em>ποθήω</em></span> 
     </span>
     <span class='ocr_line' id='line_1_37' title="bbox 81 4172 270 4238; baseline -0.037 -13"><span class='ocrx_word' id='word_1_332' title='bbox 81 4173 102 4237; x_wconf 71' lang='lat' dir='ltr'>a.</span> <span class='ocrx_word' id='word_1_333' title='bbox 119 4173 167 4238; x_wconf 82' lang='lat'>25,</span> <span class='ocrx_word' id='word_1_334' title='bbox 186 4172 202 4224; x_wconf 87' lang='lat'><strong>5</strong></span> <span class='ocrx_word' id='word_1_335' title='bbox 219 4177 270 4222; x_wconf 76' lang='lat' dir='ltr'>ac.</span> 
     </span>
    </p>
   </div>
   <div class='ocr_carea' id='block_1_8' title="bbox 0 0 1384 4832">
    <p class='ocr_par' dir='ltr' id='par_1_9' title="bbox 0 0 1384 4832">
     <span class='ocr_line' id='line_1_38' title="bbox 0 0 1384 4832; baseline 0 0"><span class='ocrx_word' id='word_1_336' title='bbox 0 0 1384 4832; x_wconf 95' lang='lat' dir='ltr'> </span> 
     </span>
    </p>
   </div>
  </div>
 </body>
</html>
