2748 4832
407 243 501 336 §.td
554 245 610 316 De
637 240 833 344 digamma.
1110 243 1160 320 39

75 424 215 488 labicum
245 421 323 491 oiim
354 419 515 511 diponnna
544 415 732 486 interfuisse
760 419 909 510 prodit),
959 421 1062 505 eiiaya,
1102 421 1160 486 uhi

74 526 184 589 cadem
209 526 316 589 valent
345 524 385 588 de
416 521 695 610 reduplicatione,
722 523 812 606 perio.
869 523 1034 586 Postremo
1067 547 1159 588 aece-

74 625 154 689 dnnt
177 627 348 710 αὔρηκτος,
382 623 514 708 adarim,
546 623 743 712 quibuscum
765 625 929 712 conspirat
950 625 1159 688 Homericum

73 727 265 811 ταλαύρινος.
293 762 335 774 --
395 727 541 813 Apparet
579 725 700 788 nullam
734 735 850 788 certam
886 727 1031 815 regulam
1063 735 1159 814 atque

74 843 221 892 nornrarn'
240 829 273 892 in
298 827 350 896 his
372 850 530 916 regnare,
566 826 623 890 scd
644 850 720 890 casu
744 827 881 913 quodam
903 829 1021 891 factum
1041 827 1158 912 videri,

74 940 108 992 nt
129 929 164 992 in
188 929 263 994 aliis
285 929 442 1014 ‹ligarnma
465 927 499 989 in
523 929 540 988 ὗ
561 939 756 1007 mutaretur,
779 927 911 992 inaliis
933 927 1114 1013 ejiceretur.

156 1025 199 1118 7)
235 1027 307 1094 Jam
328 1053 405 1094 vcro
431 1029 583 1108 fuerunt,
622 1029 679 1115 qni
705 1028 909 1114 judicarent,
943 1029 1105 1118 digamma
1122 1029 1157 1093 in

75 1130 123 1194 his
145 1155 214 1194 non
236 1155 308 1195 esse
330 1132 365 1194 in
388 1131 405 1192 ὖ
426 1154 501 1194 vere
522 1139 700 1210 mutatum,
731 1129 786 1191 sed
808 1130 1069 1214 pronuntiatione
1091 1156 1157 1196 non

75 1241 194 1294 mutata
224 1233 321 1318 {apro
332 1237 376 1292 'F
393 1230 545 1316 scripturn
570 1253 653 1292 csse.
720 1227 825 1314 Cujus
854 1231 901 1294 rei
932 1243 1157 1316 argumentum

76 1331 259 1396 Boeclrhius
285 1331 326 1395 ad
353 1331 451 1394 Pind.
478 1330 661 1422 P.,11‚28
688 1330 824 1395 maxime
854 1332 947 1419 petiit
974 1355 994 1396 e
1024 1331 1158 1420 spiritus

76 1445 167 1522 atque
197 1443 350 1496 accentus
380 1431 591 1522 collocatione
631 1431 806 1519 singulari,
849 1457 944 1520 «priam
979 1433 1014 1496 in
1046 1433 1155 1512 ἄυᾶτα,

77 1534 164 1619 top,
192 1529 275 1608 ι’ἱῡως
295 1532 425 1596 Scholia
447 1533 487 1596 ael
509 1532 602 1596 illum
621 1532 727 1596 locum
753 1529 834 1618 (not.
855 1531 922 1618 ll),
944 1545 980 1598 nt
1002 1534 1036 1598 in
1060 1535 1183 1600 dodra*

76 1637 165 1699 multi
188 1635 322 1698 Pindari
345 1634 442 1716 libri,
464 1643 615 1714 tuentur,
648 1633 724 1696 inde
747 1635 832 1697 enirn
854 1643 1024 1722 apparere,
1054 1663 1156 1727 gram·

76 1735 197 1800 rnaticis
220 1738 238 1796 ὗ
258 1759 315 1822 [νο
339 1745 535 1798 consonante
557 1734 671 1798 fnisse.
733 1735 779 1798 At
800 1759 900 1822 qnmn
920 1738 1045 1802 nicilum
1067 1765 1155 1828 prae·

75 1850 158 1900 terea
189 1835 265 1900 talis
288 1834 564 1919 grammaticorum
588 1834 751 1922 opinionis
775 1837 946 1925 vestigium
967 1839 1155 1926 reperiatur,

76 1939 131 2002 ita
138 1937 313 2002 scribendo
334 1935 443 2026 potins
464 1937 697 2022 pleonasticnm
721 1937 888 2000 roralis
870 1963 900 1998 υ
909 1963 1003 2003 nsum
1032 1941 1156 2029 signifi·

75 2063 143 2103 carc
164 2038 318 2103 videntur
339 2032 397 2122 ¹⁵)
437 2035 576 2101 Gravius
599 2046 668 2117 est,
698 2037 804 2124 qnod,
835 2037 931 2102 sicuti
954 2038 1052 2102 αὐάτα
1072 2045 1156 2130 apud

76 2141 273 2216 Pindarum,
307 2137 351 2202 ita
373 2137 471 2222 ἔγχευε
494 2136 569 2210 Alc.
593 2137 633 2201 33
656 2082 892 2226 diphthongum
916 2141 1050 2229 corripit
1081 2139 1155 2232 (nce

75 2242 180 2306 minus
212 2237 409 2302 ἕπιπυεύοισα
437 2238 512 2302 Ate.
535 2237 594 2320 55,-
624 2249 660 2302 nt
689 2240 966 2328 corruptissimum
995 2243 1154 2334 fragmen·

76 2354 138 2407 tum
176 2336 418 2427 correximus),
456 2340 573 2405 deinde
602 2349 708 2428 aperta
743 2341 906 2405 scribendi
939 2344 1155 2413 inconstantia

75 2444 217 2507 indicare
237 2441 383 2524 videtur,
420 2465 487 2505 non
510 2451 656 2505 accurate
684 2441 792 2528 ipsum
814 2443 904 2508 vivae
927 2445 1082 2512 orationis
1104 2473 1154 2513 so·

75 2569 148 2608 num
177 2543 327 2631 exprimi.
392 2543 460 2606 Vix
493 2553 600 2605 tamen
631 2541 765 2606 dubium
798 2543 925 2608 videtur
957 2547 1154 2614 recentiores

76 2645 217 2726 Aculeo,
240 2667 376 2734 quornm
398 2642 628 2731 inscriptiones
650 2644 821 2722 habemns,
845 2670 918 2710 vere
937 2647 1097 2736 digamma
1118 2650 1153 2714 in

75 2747 190 2811 talibus
212 2745 248 2808 in
269 2748 288 2808 ὖ
308 2755 468 2827 mutasse,
496 2767 555 2807 eur
576 2745 662 2808 enirn
686 2769 765 2809 sono
788 2771 857 2810 non
880 2759 1000 2813 mutato
1021 2749 1153 2838 signum

75 2847 252 2911 mutarent‘i
297 2844 417 2910 Contra
445 2845 480 2907 in
503 2845 763 2930 potitis-Lesbiis
792 2847 862 2909 lieri
890 2848 1014 2936 potuit,
1048 2862 1084 2915 nt
1105 2851 1152 2916 di·

77 2973 197 3034 gamma
240 2947 275 3012 in
324 2945 442 3010 mediis
478 2944 643 3027 vocibus,
693 2946 781 3034 qnod
820 2948 991 3037 scripsisse
1030 2951 1152 3018 Aeoles

76 3048 263 3113 Priscianus
291 3047 441 3130 affirmat,
471 3050 506 3110 in
527 3046 762 3112 recentioribus
790 3047 886 3113 libris
905 3063 949 3120 ,nt
970 3052 1151 3119 obsoletum

75 3159 126 3212 aut
145 3149 318 3235 ejiceretur
339 3157 394 3211 ant
415 3174 432 3213 e
460 3149 674 3212 recentiorum
695 3148 836 3214 Aeolum
858 3153 1093 3222 consuetudine
1115 3153 1150 3217 in

75 3249 91 3309 ὖ
117 3260 309 3330 mutaretur,
347 3271 413 3311 non
442 3248 550 3312 minus
577 3273 671 3336 quam
704 3249 803 3313 αὐὰτα
831 3251 883 3316 vix
914 3253 978 3338 ipsi
1007 3255 1149 3319 Pindaro

76 3347 194 3416 Boeoto
216 3349 372 3430 debetur,
395 3373 494 3436 quum
516 3349 631 3414 Boeoti
651 3350 752 3414 multo
773 3353 970 3421 recentiores
994 3353 1148 3444 dig-ammi

78 3451 203 3538 signnm
225 3453 311 3515 inter
329 3450 456 3514 vocales
478 3451 651 3514 tenuerint.

154 3548 190 3638 8)
217 3550 304 3614 Raro
325 3549 514 3637 digamma
504 3561 589 3616 mter
607 3551 736 3617 vocales
756 3545 800 3617 ita
822 3553 951 3619 evanuit
963 3601 980 3639 ,f
998 3565 1032 3620 ut
1054 3557 1148 3621 etiam

78 3650 246 3748 contractio
268 3651 509 3735 concederetur,
531 3661 566 3716 ut
586 3651 705 3718 famum
727 3663 777 3719 est
795 3653 832 3717 in
849 3653 941 3721 ‘'Aoe
961 3657 1005 3721 A.
1030 3658 1095 3741 70,
1117 3669 1148 3722 et

76 3797 323 3811 σ----,..-.ι-.--.,,.-.4

108 3901 150 3968 15)
185 3903 353 3958 Adversatur
370 3903 465 3974 etiam,
492 3908 515 3960 si
541 3905 615 3960 reete'
636 3907 840 3975 judicavimiu,
860 3911 1001 3980 antiquum
1018 3913 1053 3964 de
1071 3910 1146 3963 vocis

76 3984 151 4040 vados
176 4001 287 4044 arcemn
313 3991 511 4061 testimonium,
539 4011 594 4058 qno
618 4005 790 4062 comparatur
817 4013 876 4050 eum
897 3994 1013 4066 toriae,
1047 4011 1145 4066 pavos,

77 4061 150 4139 αι’,ος
167 4075 243 4126 nullo
263 4075 421 4130 discrimine
438 4086 539 4132 notato.
560 4077 614 4131 vid.
634 4079 655 4146 ξ.
673 4082 698 4153 3.
715 4088 770 4134 not
790 4082 815 4137 9
