2712 4820
269 303 301 396 5.
331 306 389 380 12.
415 325 419 334 ’
441 307 497 378 De
523 305 709 388 vocalibus
735 303 918 380 brevibus.
1088 299 1137 378 ll
1207 405 1213 412 ἵ

62 509 223 596 γνόφαλλον
258 533 318 603 pro
352 511 527 596 γνάραλλον
560 510 605 578 Α.
642 512 706 593 27,
726 512 855 593 ’τομίας
893 508 937 574 Α.
974 509 1035 596 89,
1082 508 1139 598 χό-

62 620 141 678 λανσι
170 614 193 678 i.
217 638 246 678 e.
282 617 402 698 χαλῶσι
429 613 506 678 Ale.
530 613 582 678 10.
605 649 648 664 -·
689 613 836 678 Pertinet
865 615 928 678 huc
956 613 1050 680 etiam
1080 640 1140 678 αα-

63 715 173 780 σαολέω
196 715 317 804 Suppli.
340 717 383 782 23
404 717 461 788 (ef.
486 715 565 778 Hes.
589 715 777 796 κασπολὲω,
799 714 1020 801 ὑποστρέφω),
1052 716 1140 806 quod

62 825 106 879 est
124 840 182 903 pro
206 821 320 894 στελῶ,
344 819 529 880 καταστελῶ.
552 815 618 880 vid.
642 809 671 902 ἓ.
695 815 735 898 6,
758 817 776 882 1
799 826 830 882 et
851 811 881 902 ᾗ.
904 816 966 899 283
994 841 1069 881 nam
1090 818 1140 884 uti

61 918 140 1004 apud
161 917 339 982 Homerum
361 917 482 1005 duplex
502 917 645 982 fleturum
674 925 723 984 est
744 917 853 980 κτενέω
875 927 907 980 et
928 920 1064 1002 κτανίω,
1094 917 1139 983 ita

61 1041 115 1104 pro
137 1017 244 1106 ατελέω
272 1017 368 1084 etiam
391 1018 506 1084 αταλέω
528 1041 600 1084 esse
620 1027 766 1106 poterat,
796 1017 881 1082 unde
902 1019 1039 1086 Aeolioe
1061 1019 1141 1086 σαό-
1221 1015 1225 1022 ’

61 1119 113 1182 uo
132 1119 233 1184 lieret.

138 1218 293 1310 Denique
322 1221 376 1286 his
403 1218 478 1285 addi
504 1228 645 1311 possunt
672 1219 802 1307 glossae
831 1221 1005 1287 nonnullae
1033 1223 1139 1312 Hesy-

62 1322 197 1400 olimae,
222 1345 357 1413 quarum
373 1321 531 1388 dialectos
553 1344 619 1385 non
640 1319 852 1408 significatur,
875 1323 933 1386 sed
955 1324 1033 1389 satia
1054 1336 1142 1391 certa

62 1423 118 1486 fide
138 1423 296 1490 Lesbiam
316 1423 452 1489 habetur
480 1434 512 1488 et
531 1432 664 1512 propter
684 1423 763 1487 elias
791 1424 1022 1514 proprietates,
1056 1449 1141 1514 qnae

63 1523 92 1588 iu
116 1524 283 1615 plerisque
305 1525 403 1590 simul
423 1535 596 1614 apparent,
627 1534 659 1588 et
680 1525 756 1613 qnia
789 1523 861 1612 ipsa
882 1526 1003 1591 vocalis
1026 1529 1140 1592 tiiuo

61 1627 205 1706 mutatio,
229 1637 360 1713 excepta
381 1624 572 1691 Thessalica
594 1625 731 1692 dialecto
750 1649 824 1690 mro
846 1639 1030 1705 memorata,
1052 1629 1140 1695 Aeo·

62 1725 141 1793 libus
169 1727 308 1794 Asianis
338 1727 468 1816 propria
500 1736 560 1790 est.
627 1724 711 1790 Sunt
744 1749 820 1791 vero
852 1728 933 1793 hae=
978 1727 1137 1809 ὀσκάπτω,

63 1825 241 1893 &suentisium
263 1853 303 1892 ex
326 1827 498 1894 ὀνσκάπτα.
522 1828 565 1891 oi.
589 1820 619 1913 ἓ.
642 1828 767 1906 28,1,
795 1827 872 1898 item
893 1829 1046 1909 ὅστιιααν,
1070 1831 1141 1896 ἀνέ-

64 1952 172 2007 στησαν
193 1943 226 1994 et
248 1928 409 2006 ὀσταθεὶς,
434 1931 672 2010 ἰξαγιιανισθεῖς
693 1927 716 1992 i.
740 1951 769 1992 e.
794 1925 997 2009 ἀνασταθιὶςς
1021 1931 1139 1996 deinde

64 2030 216 2115 δόμορτις,
240 2030 312 2114 γυνὴ
335 2055 393 2120 pro
416 2029 536 2112 δάμαρ,
562 2031 724 2104 sasleium,
748 2031 902 2092 eutition.
926 2033 968 2094 el.
993 2027 1023 2118 §.
1043 2033 1082 2114 6,
1106 2036 1136 2097 l.

138 2126 201 2200 llis
231 2132 424 2221 comparatis
446 2143 603 2220 apparet,
645 2130 664 2194 ἄ
688 2129 774 2218 apud
799 2131 921 2198 Aeoles
952 2132 1037 2195 haud
1067 2157 1138 2198 raro

22 2303 24 2308 ,
63 2235 170 2299 mutari
198 2245 273 2300 ante
305 2232 465 2322 liquidust
499 2221 639 2310 απόλεις,
674 2232 811 2308 σπολέα,
844 2231 988 2313 ὅμιλος,
1001 2231 1137 2317 χόλαισι,

64 2337 180 2417 τομίας,
215 2334 409 2420 (δόμαρτις),
440 2332 475 2398 ὄν
497 2359 555 2424 pro
579 2331 656 2416 ἀνὰ,
686 2333 765 2414 (ium,
798 2331 887 2411 ὀνία,
919 2332 1074 2417 πτόρμος,
1107 2336 1141 2401 i'-

65 2445 219 2522 φθαρθαι,
242 2437 417 2523 με’ρορθαι,
430 2437 650 2522 Παραυαίαν,
662 2435 789 2498 'deinde
810 2445 885 2522 post
904 2434 1045 2523 liquidas
1067 2461 1139 2502 eum

66 2551 145 2604 muta
165 2539 375 2624 oonjnnetasz
410 2538 575 2624 θρασέως,
601 2534 748 2621 στρότοα,
772 2538 926 2621 βραχέως,
949 2536 1138 2618 renunties,-

64 2661 160 2728 ueque
193 2652 301 2704 tamen
337 2641 415 2704 liaeo
450 2637 582 2734 mutatio
613 2637 680 2702 nisi
712 2647 814 2701 certus
846 2659 941 2701 voees
973 2639 1136 2724 tangebat.

64 2738 196 2806 Maxime
215 2739 367 2806 'notabile
396 2749 463 2817 est,
496 2741 592 2806 etiam
626 2741 646 2802 ἆ
675 2739 711 2804 in
738 2738 871 2802 Aoristo
903 2737 954 2813 ΙΙ,
990 2739 1139 2804 Perfecto
1213 2785 1215 2788 -

64 2841 150 2908 Pnas.
174 2853 207 2908 et
228 2841 370 2918 Futuro,
410 2841 496 2929 quod
518 2865 558 2906 ex
587 2841 601 2903 ἒ
629 2849 740 2904 natum
761 2838 867 2902 dicere
890 2839 1015 2914 solent,
1055 2841 1138 2903 hano

63 2945 264 3010 mutationem
283 2943 351 3032 pati
371 2941 406 3006 iu
430 2940 552 3015 σαόλεις
573 2965 632 3030 pro
656 2943 783 3016 σταλεὶς,
808 2939 926 3003 σπολέα
945 2961 1006 3027 pro
1024 2941 1139 3006 σταλὲω

64 3046 213 3125 (orello),
238 3044 402 3129 ἔφθορθαι
425 3067 483 3132 pro
505 3042 681 3127 ἐφθάρθαι.

144 3147 295 3212 Ceterum
317 3145 362 3210 ¹iu
400 3143 505 3208 titulis
534 3145 612 3208 haee
640 3141 773 3208 mutatio
801 3142 961 3207 intertum
994 3145 1140 3232 neglecta

65 3257 120 3311 est.
164 3249 204 3312 lu
227 3247 326 3312 Lesb.
349 3247 453 3328 2166,
475 3244 516 3310 47
542 3245 661 3333 legitur
690 3243 946 3330 ἀναγράψαντας,
980 3243 1074 3309 Cum.
1099 3247 1140 3314 52

66 3345 240 3434 ἀναγράψαι
270 3361 302 3414 et
329 3349 373 3416 22
401 3344 593 3424 ἀνηκόντων,
635 3346 768 3436 Lumps.
803 3345 855 3412 35.
884 3345 925 3412 36
961 3343 1138 3434 ἀναγραφῆ,

65 3655 82 3726 ἢ
97 3662 208 3718 ἵκανον·
226 3660 341 3733 Κρῆτα,
359 3665 432 3718 uude
449 3663 503 3716 hoc
519 3663 614 3718 saltem
631 3671 755 3732 apparet,
773 3657 880 3727 ἰκτῖνον,
896 3651 1021 3732 milvum,
1040 3679 1056 3717 a
1072 3662 1141 3718 Gre-

66 3735 133 3802 libus
154 3743 272 3818 ἅρπετνν
288 3751 456 3819 appellatum
475 3764 549 3817 esse,
576 3761 606 3803 ut
627 3743 701 3819 ἅρπη
719 3759 759 3802 est
777 3744 869 3814 ὅρνέον
884 3769 912 3801 τι
930 3747 1044 3806 ἐνταῦθα
1070 3751 1138 3817 (vid.

65 3832 136 3887 Eust.
154 3838 235 3902 1188,
253 3839 285 3902 3,
306 3837 351 3889 Et
367 3837 408 3906 Μ.
427 3837 492 3902 148,
512 3838 559 3902 10,
578 3835 641 3888 Hes.
660 3851 680 3887 s.
698 3835 737 3899 v.)
756 3843 783 3886 et
794 3828 930 3902 ’Ἅρπυιαι
947 3835 1064 3889 similem
1082 3838 1140 3888 lor-

65 3933 130 3972 mam
158 3920 286 3975 habuisse
314 3923 464 3976 traduntur.
508 3921 622 3991 Sappho
647 3937 712 3974 vero
749 3919 913 3988 Cupidinem
940 3917 1056 3990 ὅρπιτνν
1073 3922 1091 3974 i.
1114 3940 1140 3976 e.

65 3996 176 4070 ἔραιννν
196 4022 322 4073 vocasse,
345 4008 464 4076 imagine
482 4007 592 4062 omniuo
610 4007 765 4076 aptissima,
792 4022 826 4058 eo
846 4005 977 4059 libentius
993 4005 1141 4075 credimus,

65 4090 136 4155 quod
164 4101 234 4144 teste
260 4092 401 4162 Hesychio
425 4093 540 4147 eundem
566 4093 668 4146 Aeolus
680 4089 790 4160 ''Apuvv
815 4092 954 4146 vocabant.
982 4093 1017 4144 cl.
1036 4093 1080 4146 Et.
1100 4095 1140 4150 Μ.
1179 4081 1183 4090 ’

67 4177 182 4244 14833,
201 4193 290 4244 neque
306 4180 393 4234 minua
410 4189 474 4249 epm
491 4189 532 4234 est
549 4178 608 4232 avis
625 4178 733 4248 rapacis
749 4175 850 4232 mentio
868 4177 941 4244 apud
954 4175 1141 4254 Theocritum.
