2748 4832
280 379 283 384 ,
396 294 430 388 t.
456 294 490 372 5.
542 295 599 368 Da
622 291 818 396 digamma
1098 290 1148 370 31

33 517 37 530 ’
149 491 192 581 2)
230 493 400 582 Digamma
432 493 572 583 primum
601 502 676 566 ante
706 494 835 565 vocales
873 491 1018 568 initiales
1045 495 1152 566 tuisse

68 595 213 660 traditur.
258 595 548 660 Grammaticorum
567 594 751 664 testimonia
766 595 884 660 adsunt
899 591 943 661 de¹
959 598 1152 686 pronomine

68 699 87 762 3
108 721 197 784 pers.
242 705 354 773 raon,
376 697 453 773 Fri,
475 701 530 777 Fi,
553 695 741 784 possessivo
762 696 844 780 ch,
868 707 900 764 et
921 697 962 763 de
982 703 1093 773 Foiroc
1108 702 1149 779 ⁴),

68 797 107 862 ln
127 805 295 885 poetarum
317 795 468 885 siliquiis
495 820 584 861 nnnc
610 796 719 884 ipsum
746 797 905 884 digamma
925 822 992 864 non
1013 809 1063 864 est
1084 823 1152 866 cer·

68 898 261 990 tissimum,
274 897 341 962 nisi
361 898 398 962 in
418 897 608 986 fragmentis
629 897 669 960 ab
689 897 869 986 Apollonio
888 900 1017 983 allatis,
1050 925 1152 990 quan-

69 1025 165 1090 quam
188 1011 220 1064 et
242 1000 295 1064 hie
315 1000 391 1086 plns
414 1000 515 1064 semel
535 999 572 1074 in
593 997 704 1062 codice
725 1009 930 1086 corruptum,
952 1002 1150 1068 1610οΑ10.
1186 1037 1189 1046 ·

69 1099 89 1164 6
112 1095 199 1184 (eod.
222 1101 326 1182 γε’θεν)
337 1147 348 1176 ,
371 1107 430 1164 For
452 1098 487 1164 S.
510 1100 544 1182 2,
567 1100 606 1182 l,
627 1098 691 1163 de
712 1098 753 1162 G.
777 1099 839 1164 106
861 1095 948 1184 (cod.
972 1097 1035 1188 εον)
1051 1098 1091 1190 ⁵).
1110 1141 1153 1152 -

70 1200 238 1264 Interdum
267 1201 302 1264 in
326 1199 450 1264 similes
478 1198 589 1264 literas
611 1200 706 1264 otiam
727 1199 808 1264 alibi
830 1198 929 1282 abiit,
956 1201 1096 1288 primum
1116 1203 1155 1268 in

69 1302 105 1382 i,
135 1311 170 1364 ut
199 1299 234 1363 in
263 1301 453 1389 fragmentis
474 1300 514 1364 ab
535 1301 714 1366 Aristotele
743 1300 877 1366 servatis
899 1301 976 1366 Alc.
998 1303 1039 1367 45
1061 1313 1093 1368 et
1115 1302 1152 1368 S.

71 1402 111 1468 26
140 1412 227 1466 recte
254 1405 370 1480 Ρείιιην
398 1425 458 1488 pro
486 1400 517 1464 τ’
544 1404 630 1479 εἰπῆν
658 1403 822 1468 emendari
841 1401 989 1484 videtur,
1023 1412 1055 1468 et
1074 1402 1153 1468 Ale.

73 1505 109 1568 31
132 1503 238 1567 Fridsn
259 1526 317 1590 pro
338 1501 410 1565 calda
432 1503 479 1565 ἄν.
529 1503 569 1568 10
596 1505 617 1586 γ’
643 1515 828 1594 corruptum
848 1514 899 1570 cst
918 1514 1044 1592 praeter
1064 1505 1155 1586 yr'ttrr
1236 1507 1239 1520 ’

72 1605 116 1668 Α.
139 1605 160 1670 6
182 1605 267 1692 apud
288 1603 362 1670 Alc.
387 1605 445 1680 56,
469 1602 528 1667 ubi
549 1605 582 1666 ἐκ
604 1603 733 1670 F’e'lero
755 1605 954 1669 correximus
974 1629 1034 1694 pro
1054 1604 1156 1670 libro·

73 1731 144 1772 rum
177 1706 318 1770 lectione
351 1707 384 1768 ἐκ
415 1704 578 1786 δ’ἕλέγιτο,
619 1705 736 1770 deinde
770 1705 806 1768 in
835 1704 956 1794 glossis
985 1706 1160 1772 nonnullis

74 1806 315 1894 Hesychianis,
346 1830 427 1895 quas
448 1805 625 1870 Lesbiacas
652 1830 725 1872 esse
752 1805 950 1895 liquidarum
979 1805 1157 1892 duplicatio

75 1908 182 1994 arguit
209 1902 260 1995 (ᾗ.
283 1908 324 1990 8,
346 1907 377 1972 3.
401 1903 464 1992 8),
493 1904 614 1989 γάλλοι,
643 1905 713 1983 ἧλοι
734 1918 766 1972 et
785 1908 937 1989 νίμματα,
971 1905 1077 1988 εἵματα
1096 1932 1158 1998 pro

75 2009 207 2086 utitor,
237 2011 442 2093 Fritpocaet
468 2007 577 2072 minus
605 2008 703 2074 certis
730 2008 849 2091 γε’λλαι,
886 2010 982 2084 ritca,
1013 2009 1155 2088 νιλλίξαι,

78 2115 266 2190 coercitione.

79 2260 359 2272 ...-.--—---

110 2340 139 2402 4)
174 2335 305 2406 apollon.
321 2333 356 2385 de
369 2349 449 2403 pron.
464 2335 506 2402 98.
524 2329 557 2386 cri
575 2327 702 2388 Αἶολιιιδν
718 2328 840 2403 16ομμο
855 2337 916 2388 ταῖς
932 2332 1002 2389 aava
1018 2332 1050 2392 το“
1067 2341 1160 2408 τρίτον

77 2421 220 2494 πρόσωπον
245 2423 422 2490 προσνέμεται
447 2420 521 2472 andri
543 2427 587 2473 unt
613 2417 644 2472 ιιιι
662 2415 716 2472 ιῖτιὸ
739 2417 889 2488 φωνήεντος
913 2419 1058 2490 ἀρχόμεναι
1075 2423 1160 2480 danti-

76 2530 180 2574 νοντοιι,
205 2506 300 2560 addito
323 2506 384 2560 Alc.
407 2506 442 2558 ir.
461 2509 486 2559 6.
506 2535 538 2545 -
574 2505 617 2560 16.
637 2508 695 2560 loo.
722 2502 829 2558 Altiaia
850 2502 898 2559 cdv
917 2508 956 2576 τῷ
973 2514 1008 2561 F·
1035 2514 1162 2578 patrarat

77 2601 126 2650 For
144 2591 237 2663 ιιῆνοι·
263 2589 381 2660 Σαπφώ.
401 2623 432 2632 -
468 2591 510 2644 ld.
532 2595 582 2646 lot
607 2591 642 2644 de
665 2607 753 2644 accuS.
771 2589 878 2646 Αἰολεῖς
900 2591 967 2661 used
989 2593 1039 2648 τοῦ
1055 2599 1113 2650 Fi.
1134 2615 1158 2650 c.

78 2687 121 2737 Fr.
140 2713 171 2724 -
207 2677 250 2732 Id.
271 2681 320 2733 136
341 2678 377 2730 de
399 2694 477 2746 pron.
503 2693 575 2748 pose.
595 2681 654 2747 3p.
680 2675 785 2731 Αἰολεῖς
808 2677 856 2730 οὖν
876 2677 915 2747 aqi
932 2683 959 2730 F
976 2679 1046 2734 κατοῖ
1068 2678 1160 2734 nicar

78 2764 181 2822 ιντοῖοιν
197 2771 241 2818 καὶ
266 2768 350 2832 γένος·
372 2763 421 2817 τὸν
438 2781 481 2816 ιον
502 2761 590 2818 παῖδα
606 2762 681 2817 καλοῖ
697 2765 743 2830 (S.
764 2768 827 2831 103)
849 2771 892 2817 καὶ
910 2761 1031 2833 ’Alauda
1049 2766 1162 2834 οονιχοῖο

78 2852 214 2919 Αἶολίζιον
236 2858 312 2920 φησι·
343 2845 378 2904 cci
401 2851 434 2903 ἑο
455 2847 552 2916 κάδεα,
585 2849 633 2902 ubi
663 2849 751 2901 minus
779 2859 854 2902 recte
877 2847 1025 2903 Bekkerns
1047 2852 1160 2922 scripsit

80 2937 159 3008 ἢὸν,
186 2935 256 3002 atri,
279 2952 368 3003 quem·
377 2935 481 2993 Nerius
499 2938 533 2990 ir.
551 2937 585 2989 89
607 2944 635 2987 et
651 2934 818 2987 Welclrerns
836 2935 922 2988 alem.
947 2934 988 3008 fr..
1001 2938 1034 2991 76
1051 2939 1161 3004 sequuti

81 3037 150 3082 sunt.
169 3053 202 3065 -
237 3023 264 3076 J.
283 3021 333 3076 Gr.
351 3021 454 3088 211,6
478 3018 527 3074 το“ν
544 3018 572 3074 dl
591 3019 663 3074 οἶνον
679 3018 764 3072 ἔοινον
792 3024 876 3087 (recte
894 3020 1021 3076 Lascaris
1037 3027 1160 3090 loiseel·

81 3113 145 3168 ἔθος
163 3108 192 3165 δέ
208 3109 278 3163 ἔστιν
295 3103 387 3162 adroic
402 3104 456 3161 triv
474 3111 631 3174 φωνηέντων
647 3107 810 3174 προτιθέναι
826 3103 858 3160 οδ
876 3103 1007 3176 δίγομμιι.

114 3213 142 3275 5)
178 3193 314 3262 Addimus
332 3203 377 3256 hic
395 3202 531 3258 Prisciani
557 3202 709 3256 testimonia
732 3203 861 3255 nonnulla
880 3202 915 3256 de
934 3202 1069 3270 digamma
1086 3205 1161 3275 apud

82 3295 199 3359 decise,
224 3290 290 3356 qnia
306 3290 434 3358 exempla
456 3306 510 3341 non
529 3306 544 3342 e
562 3290 651 3358 poetis
671 3305 735 3340 vere
753 3289 892 3356 Aeolicis,
921 3287 969 3342 sed
991 3291 1107 3344 fortasse
1124 3308 1162 3346 ex

85 3382 214 3435 Alcmene
232 3375 353 3429 hausisse
370 3375 480 3428 ridetur
497 3375 564 3442 (rid.
584 3378 606 3442 ξ.
623 3377 653 3440 1,
670 3375 715 3438 4):
740 3373 763 3426 Ι.
781 3391 809 3443 p.
827 3377 869 3428 21.
906 3374 998 3430 »Sicut
1016 3377 1161 3445 11110100-

85 3469 135 3534 les)
147 3465 278 3536 solebant
295 3462 421 3530 accipere
437 3461 574 3529 digamma
593 3460 673 3512 modo
692 3475 744 3528 pro
762 3458 919 3524 consonanti
936 3460 1074 3531 simplici,
1092 3472 1162 3517 teste
1213 3455 1216 3466 ’

85 3555 222 3621 Astyage,
241 3546 289 3614 qui
307 3545 424 3600 diversis
442 3545 494 3596 hoc
511 3546 631 3600 ostendit
648 3545 758 3613 usibus,
781 3555 811 3600 ut
828 3546 858 3598 in
875 3546 928 3598 hoc
945 3561 1041 3602 versor
1068 3546 1163 3618 οἰόμε-

86 3653 128 3690 νοι
145 3635 268 3692 FEitrnr
283 3629 443 3697 ἑλικώπιδα,
468 3631 508 3684 sic
525 3646 574 3684 nos
592 3648 702 3698 quoque
720 3642 786 3684 etot
808 3664 839 3674 -
875 3630 999 3684 Deinde:
1031 3634 1097 3690 »Est
1121 3645 1162 3688 ra.

87 3739 146 3775 men
172 3719 283 3788 quando
309 3719 394 3772 iidem
412 3718 511 3770 Aeoles
538 3705 713 3770 inveniuntnr
736 3729 787 3786 pro
810 3717 915 3786 duplici
934 3735 1045 3784 quoque
1064 3736 1160 3772 conso-

88 3818 167 3861 nante
185 3807 323 3873 digamma
343 3803 513 3874 posuissent
531 3805 654 3872 Νέστορι
672 3799 699 3856 tt
714 3781 771 3856 Fari
781 3800 891 3856 ποῖδοιι
908 3803 998 3870 (codd.
1011 3807 1065 3858 Ην.
1078 3821 1162 3875 nouos

89 3903 115 3947 et
129 3906 242 3962 παροοι,
263 3907 331 3942 unus
348 3891 407 3942 Eri.
426 3893 476 3941 Far
494 3885 649 3954 παιδοι).-
685 3888 726 3941 16.
746 3907 772 3958 p.
791 3891 823 3943 21
843 3889 1005 3957 »Digamma
1022 3895 1049 3942 F
1062 3891 1162 3964 deoles

89 3993 129 4032 est
146 3977 256 4046 quando
280 3993 332 4044 pro
354 3975 442 4028 nihilo
464 3975 491 4026 in
512 3985 599 4027 metro
617 3973 802 4043 accipiebant,
830 3987 859 4029 ut
880 3970 968 4045 ἄμμιν
986 3970 1015 4026 δ’
1029 3971 1164 4044 ferociter

88 4061 120 4118 cd
138 4061 167 4132 dt
182 4058 211 4117 τ’
236 4056 271 4128 do
297 4064 364 4114 otro
383 4057 473 4116 Moira
489 4055 594 4127 1ιγαῖα;
619 4070 659 4114 est
676 4061 748 4114 enim
767 4062 924 4116 hexameter
941 4061 1097 4129 lrero'r'cns‚r
1127 4064 1165 4119 do

91 4166 144 4216 quo
161 4163 241 4204 versu
259 4144 463 4216 corruptissimo
481 4145 538 4199 vid.
558 4144 641 4199 Giese
658 4161 686 4218 p.
706 4148 755 4201 184
771 4163 848 4215 seqq,
947 4187 951 4194 .
1133 4155 1134 4160 ¹
