2712 4820
148 330 155 341 ·
292 303 326 396 §.
353 302 412 378 21.
466 297 788 372 De'd'eolinatione
807 295 876 368 ⁴111.
1057 290 1146 398 110Ι

52 512 196 578 Πόσειδον
209 523 241 577 et
261 511 357 595 σιδτερ
380 507 420 572 ah
443 502 695 570 accuratioribus
707 500 941 570 Pseudoeolica
963 491 1125 578 (licuntur,
1147 511 1156 554 ε

48 615 116 704 quia
137 625 210 678 srrnt
231 635 291 676 eur
313 633 386 674 vere
399 605 536 672 Aeolica
557 605 669 670 haberi
691 616 865 696 nequeant.
911 601 938 666 E
955 598 1127 687 Soppirone

49 719 103 782 100
127 713 339 803 correptionis
369 709 551 795 exemplum
574 731 592 770 a
615 706 844 772 Ciroerohosoo
866 705 997 770 offertur
1024 696 1127 784 τριβό-

46 814 433 903 turo,simu1trodit11r,
457 809 476 886 ᾗ
499 809 533 872 in
556 808 701 872 vocativo
724 829 790 872 nou
811 803 930 893 corripi
951 802 992 868 ab
1012 798 1130 864 Aeoli-

47 921 124 1002 hus,
158 917 224 984 uisi
254 915 364 981 brevis
394 898 520 1000 syllaba
548 908 739 991 antecedat,
773 908 861 998 quod
888 928 985 994 quam
1015 923 1127 966 verum

47 1022 102 1104 sit,
133 1044 199 1086 non
227 1018 306 1083 lieet
333 1013 493 1102 judicare.
524 1045 565 1082 -,·-
616 1009 792 1100 Reperitur
825 1006 943 1072 deinde
968 999 1127 1064 ’Ἄπολλον

45 1122 176 1207 Δ41ο.1,
211 1132 243 1185 at
263 1117 390 1204 χελιδών
409 1113 445 1180 in
467 1111 563 1178 libris
585 1123 634 1176 est
654 1112 690 1176 S.
715 1111 776 1192 57,
808 1118 910 1175 metro
930 1116 1038 1170 umen
1060 1123 1127 1164 non

45 1236 171 1288 eertum.
236 1229 240 1239 '
478 1277 484 1300 ,

119 1325 193 1390 Nou
216 1321 310 1386 aliter
337 1315 449 1400 Ψάπφ’
472 1313 509 1382 S.
534 1315 564 1382 1.
587 1338 618 1380 v.
643 1315 684 1382 10
705 1314 748 1400 (i.
772 1339 802 1382 e.
833 1307 972 1396 Ψάπφσ)
994 1307 1127 1400 corripi·

45 1428 121 1493 eudo
149 1437 256 1493 ortum
277 1421 406 1488 videtur
436 1444 454 1486 e
483 1416 615 1502 Ψάπφοι
636 1418 689 1484 vel
709 1416 859 1500 Σάπφοι,
891 1439 973 1506 quoe
1001 1415 1126 1501 plenio-

45 1551 91 1594 res
112 1530 232 1594 formae
253 1525 409 1612 leguntur
430 1519 466 1586 S.
489 1521 552 1604 71,
580 1519 624 1583 Α.
649 1517 709 1595 45,
743 1530 780 1584 ut
811 1541 877 1583 uon
899 1541 983 1605 opus
1006 1515 1049 1580 sit
1070 1539 1127 1580 no·

44 1619 227 1696 ruinetivurir
256 1623 379 1707 Ψάπφσι
399 1623 544 1710 fingere,
568 1620 634 1684 vid.
660 1618 762 1686 Seidl.
786 1640 820 1707 p.
843 1619 914 1685 159.
960 1615 1126 1704 Denique,

46 1730 71 1794 si
110 1729 190 1818 quid
234 1725 312 1791 fidei
367 1723 488 1788 habent
523 1719 745 1809 gronrmotiei,
786 1718 943 1786 voeatiri‘
962 1715 1124 1801 Σάκρατε,

44 1829 250 1918 Ἀριστόφανε
281 1829 346 1892 hoe
373 1823 524 1890 trahendi
554 1822 723 1903 videntur,
764 1831 876 1908 utpote
906 1844 924 1886 e
957 1815 1123 1903 Σωκράτη,

44 1930 254 2016 Ἀριστοφάνη
277 1927 362 2011 orti,
386 1927 453 1992 vid.
476 1949 527 1988 nr.
551 1925 581 1988 5.

118 2033 307 2102 Pleniorem
329 2038 439 2094 eontra
462 2027 596 2092 formam
618 2023 762 2088 Alcaeus
789 2033 872 2088 teste
897 2023 1125 2096 Choerohosco

44 2161 89 2226 ap.
111 2137 214 2204 Bekk.
239 2133 321 2198 1183
352 2128 490 2193 hahebat
510 2124 702 2211 Εὐρύδαμον
730 2125 769 2190 al)
790 2123 982 2210 Εὐρυδάμας
1003 2131 1126 2202 (errore

44 2237 149 2304 Const.
174 2233 328 2302 Losearis
349 2231 390 2295 de
412 2253 499 2295 nom.
525 2239 557 2293 et
576 2228 676 2293 verbo
707 2227 730 2290 1'.
754 2226 834 2308 116,
855 2226 879 2292 b
910 2229 1125 2315 Πολύδαμαν),

44 2365 134 2428 quum
157 2337 265 2404 simile
287 2357 407 2398 nornen
423 2327 612 2412 Πολυδάμας
632 2328 718 2418 apud
739 2329 918 2394 Homerum
937 2333 1126 2416 Πουλυδάμα

41 2441 214 2508 vocativum
235 2437 362 2502 habeat.

119 2543 159 2621 3)
195 2535 340 2606 Dotivi
361 2533 545 2623 pluralis
564 2530 696 2620 longior
717 2531 818 2596 iorrnu
841 2525 948 2601 iffi.
964 2531 1126 2601 Aeolihus

44 2643 191 2708 tribuitur
207 2643 252 2712 6).
304 2638 349 2704 Et
369 2639 523 2724 leguntur
543 2632 579 2696 in
600 2631 701 2698 Lesb.
724 2631 809 2697 2100
835 2629 1027 2711 tietmare,
1060 2635 1127 2700 ε’άν-

43 2770 142 2830 σεσοι,
166 2741 377 2822 διαλυσίεσσι,
411 2735 495 2804 2167
518 2732 717 2821 ἇρχόντεσσι,
741 2732 835 2796 Cum.
860 2731 1031 2832 άμώνεσσι,
1052 2735 1128 2802 πάν·

43 2859 143 2930 τεσσι,
182 2840 486 2930 εὐερνετησάντεσσι,
525 2834 646 2922 Sapph.
675 2836 708 2932 ,2
740 2843 772 2900 ν’.
803 2835 840 2898 11
879 2833 1068 2912 ὀππάεεσσι,
1107 2836 1127 2902 5

44 2952 230 3030 κυλίκεσσιν,
253 2945 295 3012 76
317 2941 482 3015 πόδεσσιν,
514 2935 577 3002 100
596 2934 810 3021 Ἀρκάδεσσι,
840 2935 917 3000 Alc.
938 2935 980 3002 79
1004 2936 1125 3016 νάεσσι,

44 3052 82 3116 ef.
106 3049 257 3138 σύρκεσι,
283 3045 408 3125 σαρξίν·
432 3041 559 3114 Αἰολεῖς
580 3038 745 3124 ΗοοροΙι.,
768 3037 834 3123 leg.
859 3034 1020 3121 σάρκεσσι.

122 3151 246 3218 Pottoe
288 3157 396 3212 tamen
430 3140 579 3208 breviore
618 3140 720 3204 torma
755 3137 842 3202 houd
874 3149 946 3204 raro'
981 3151 1127 3220 utuntur,

45 3253 188 3332 στήθεσιν
226 3248 347 3337 Sapph.
377 3247 399 3312 2
427 3268 459 3308 v.
488 3242 509 3307 0
538 3254 570 3306 et
598 3241 650 3305 53.
681 3240 741 3316 84,
772 3241 815 3304 Α.
847 3240 909 3322 08,
946 3240 1052 3325 χερσιν
1090 3241 1125 3305 S.

42 3357 102 3440 07,
133 3352 244 3442 δράαιν
273 3349 310 3415 S.
333 3349 395 3428 21,
427 3343 525 3408 πόσοι
556 3353 588 3406 et
614 3341 737 3426 οὔρεσιν
770 3341 805 3405 S.
830 3343 889 3416 44,
920 3341 951 3405 7.
976 3341 1015 3423 8,
1043 3342 1077 3406 oi
1104 3341 1128 3406 ii

43 3481 152 3524 versus
175 3465 263 3522 reete
286 3444 453 3539 Sapphoni
473 3444 671 3508 tribuuntur.
887 3451 889 3454 ’

243 3625 312 3635 ...ww=

71 3771 98 3836 6)
135 3767 225 3832 Greg.
244 3757 274 3814 O.
291 3759 351 3816 olo.
376 3747 408 3811 τά
429 3755 518 3824 Τρωσὶ
536 3755 581 3807 καὶ
598 3747 703 3823 γυναιξὶ
725 3743 814 3806 κοινάν
834 3741 952 3818 Τρώεσσι
974 3752 1019 3808 καὶ
1035 3749 1129 3820 you-

40 3873 105 3910 κεσσι
128 3839 274 3925 γράφουσι.
303 3871 334 3887 ···
362 3839 446 3896 οὕτως
468 3831 512 3894 καὶ
530 3836 675 3896 Αἰάντεσσι
699 3847 744 3894 καὶ
759 3836 915 3906 Λσκῆτεοοι
940 3845 985 3890 καὶ
1008 3835 1057 3910 ε’ννὶἸ
1074 3833 1130 3890 τῶν

40 3940 244 4010 παραπλησίαν.
278 3931 321 3985 lta
339 3924 442 3983 κάνεσσι
459 3925 604 3980 Aeolicum
622 3935 735 3978 vocatur
752 3923 857 3978 Scholl.
877 3921 911 3975 11.
931 3941 958 3989 οι,
976 3924 1008 3988 4,
1028 3923 1072 3974 Et.
1093 3923 1128 3974 G.

40 4031 103 4095 354,
124 4029 175 4090 10,
195 4023 268 4076 Anu.
288 4018 342 4069 Ox.
362 4017 393 4080 l,
412 4014 477 4080 141,
498 4013 546 4080 12,
572 4010 666 4066 Trea.
685 4013 777 4086 Epex.
796 4013 846 4076 66,
863 4007 897 4062 ’17
914 4019 942 4062 et
960 4007 994 4060 ad
1014 4003 1127 4066 Hesiod.

41 4117 111 4184 epp.
128 4115 191 4167 rae.
211 4134 244 4147 ψ
279 4104 355 4157 Euo.
375 4105 440 4170 εον,
458 4103 502 4156 re.
521 4095 606 4161 οσον,
624 4089 674 4168 ἄρ’
690 4089 723 4166 ἧι
738 4093 790 4164 viv
805 4091 895 4150 εειιο
910 4090 1018 4150 Azotos
1035 4087 1131 4159 ἐπει.

38 4220 140 4267 τεκνον,
157 4199 216 4262 leg.
235 4188 346 4246 δάεσσιν.

890 4279 928 4342 8*
