2710 4820
249 349 386 435 Foedus
408 350 587 428 Eleorum
611 362 647 426 at
670 291 964 426 mercantum(
1067 347 1144 426 281

59 553 129 623 da'ot
156 557 218 622 aira
238 554 339 634 Ft'rroc
372 555 434 622 oica
462 552 603 643 Foipyos,
637 556 758 622 nostias
771 556 807 638 ¹)
835 553 863 622 κ’
887 552 1029 634 ἆλλᾶλοις
1056 553 1095 622 τά
1120 556 1145 634 τ’,
1196 571 1199 578 ’

60 660 116 724 ἄλλ
132 665 186 724 καὶ
199 657 263 745 πὰρ
277 657 415 742 πολέμω·
441 661 475 722 αι’
494 658 526 723 δὲ
547 655 590 742 poi
609 659 730 722 συνεῒαν
745 653 787 745 ²),
808 655 955 724 τάλαντον
975 657 1002 724 κ’
1024 657 1149 744 ἇργύρω

60 759 241 826 ἇποτΙνοιαν
267 763 309 842 τῷ
334 764 381 826 Al
400 758 559 843 Ὀλυμπίῳ
586 763 634 825 wi
660 758 882 841 uoddoetq'psroa
896 755 932 846 ⁵)
962 759 1147 842 lorpqi'aipr·

59 888 117 928 vos
131 857 182 950 ⁶)·
218 863 254 926 αι’
280 861 318 925 δέ
342 885 389 949 up
416 857 455 925 ul
475 859 598 948 γράφω
624 862 664 945 rai
678 855 714 950 ⁷)
746 861 943 930 καδδαλεόιτο
968 853 1033 929 ai'ra
1052 861 1150 940 Γέτας

65 1017 198 1030 ,μου
203 1013 333 1030 ...φ-

62 1117 212 1186 quioribus
236 1115 363 1170 dialectis
387 1131 443 1170 non
466 1129 527 1170 esse
548 1113 678 1169 alienum.
725 1113 812 1172 Recte
838 1115 912 1172 enim
936 1114 1090 1174 Scholiasta
1114 1117 1151 1172 ad

61 1205 153 1264 Arist.
172 1204 242 1258 Ach.
261 1205 325 1270 710,
349 1201 398 1256 ubi
415 1201 518 1270 legitur
534 1197 612 1270 coil,
635 1216 747 1256 monere
765 1201 890 1258 videtur:
918 1199 1029 1275 ἄμεινον
1045 1202 1074 1260 dl
1091 1201 1153 1260 daal
1268 1225 1271 1232 ¹

62 1287 115 1345 rod
137 1287 200 1344 wll
216 1285 329 1360 γράφειν
351 1285 436 1356 cadri·
459 1290 576 1358 Δωρίζει
597 1283 658 1358 γάρ.
710 1284 809 1356 Neque
832 1289 920 1342 ullum
943 1289 1023 1358 hujus
1041 1305 1105 1344 nsua
1123 1291 1153 1346 ia

64 1376 193 1430 Aeolicis
210 1374 337 1428 dialectis
355 1373 501 1442 vestigium
523 1372 670 1443 reperitur.
715 1373 903 1429 Praetulimus
926 1373 1014 1443 igitur
1036 1377 1154 1430 aliorum

63 1459 121 1532 τῷ,
149 1462 274 1516 foedus
296 1458 455 1530 incipiat
478 1459 540 1514 hoc
557 1475 660 1526 anno;
686 1473 749 1512 nam
766 1475 837 1528 quae
853 1459 1013 1514 Boeckuius
1031 1461 1105 1516 Add.
1125 1480 1154 1532 p.

64 1553 117 1608 877
136 1559 232 1603 contra
247 1555 339 1602 mouet
355 1545 391 1599 de
408 1545 683 1620 demonstrativam
700 1554 728 1600 et
745 1543 824 1600 verbi
842 1541 946 1616 ἄρχειν,
963 1542 1098 1615 ἔρχεσθαι
1117 1546 1157 1616 vi,

65 1633 176 1690 etiamsi
189 1650 260 1709 vera
277 1633 442 1698 habeantur,
460 1647 476 1684 e
493 1630 619 1684 cultioris
636 1629 801 1685 Graecitatis
818 1631 928 1700 legibus
945 1633 1032 1703 petita
1048 1643 1111 1688 sunt
1128 1643 1157 1690 et

51 1719 117 1776 'vix
136 1730 212 1774 recte
228 1718 396 1772 adhibentur
413 1715 448 1770 ad
477 1716 556 1783 hujus
573 1714 648 1769 tituli
664 1715 897 1786 simplicissimam
914 1720 1083 1787 orationem,
1111 1719 1156 1775 cui

65 1805 206 1878 simplicis
230 1801 438 1859 demonstrativi
460 1797 475 1854 ὃ
498 1817 550 1874 pro
572 1791 618 1854 lta
644 1815 708 1853 usus
733 1801 802 1856 bene
823 1802 970 1856 convenire
987 1804 1106 1861 videtur.
1125 1835 1158 1847 -

64 1895 132 1950 Non
151 1891 206 1949 alia
222 1891 259 1944 de
276 1903 357 1944 causa
379 1887 409 1941 iu
431 1886 608 1955 sequentibus
625 1901 686 1940 cum
707 1885 771 1944 aliis
787 1884 824 1958 τᾷ
839 1904 921 1962 quam
936 1905 998 1946 aum
1013 1891 1159 1946 Boeclrhio

65 1978 117 2034 roi
131 1979 228 2046 legere
245 1975 407 2048 maluimus„
452 1971 454 1982 ¹

99 2076 130 2141 6)
165 2072 200 2126 B.
224 2067 264 2141 τῷ
279 2065 466 2138 wadamiro,
489 2065 572 2122 Jovi
598 2065 746 2138 violato.
788 2069 827 2124 At
843 2067 999 2126 dubitamus
1016 2088 1078 2128 cum
1095 2072 1161 2128 aliis

66 2161 104 2218 de
131 2158 241 2229 passiva
257 2156 333 2211 vocis
358 2153 576 2223 significatione3
607 2151 726 2222 perlecti
751 2155 824 2207 euim
846 2155 922 2222 quod
945 2155 1082 2225 passivam
1105 2157 1161 2214 vim

9 2251 10 2258 ’
66 2247 155 2300 habet
170 2241 245 2313 apud
262 2239 434 2295 Herodotum
452 2249 480 2294 et
497 2237 682 2308 Euripidem,
706 2238 762 2320 alia
779 2248 821 2295 est
835 2239 907 2294 ratio
925 2257 1007 2308 quam
1028 2259 1162 2314 praeseu-

67 2331 121 2400 tis,
149 2327 225 2396 quod
243 2328 345 2381 rectius
362 2325 391 2379 in
411 2326 462 2379 hac
485 2325 574 2378 forma
591 2324 765 2393 agnoscitur,
790 2341 874 2393 quum
891 2325 1077 2396 reduplicatio
1096 2346 1162 2400 per-

68 2415 140 2474 fecti
166 2415 217 2467 vix
240 2427 360 2481 unquam
381 2414 443 2480 jure
468 2412 596 2480 neglecta
620 2419 745 2481 putetur;
772 2422 917 2481 praeterea
937 2409 1110 2469 aaddoeitoaco
1132 2417 1162 2470 in

68 2500 210 2576 proximis
227 2499 343 2566 activam
360 2499 417 2551 vim
435 2497 526 2552 habet.
560 2497 659 2564 ltaque
676 2512 737 2548 cum
755 2495 819 2549 aliis
837 2497 954 2566 legimus
964 2504 1006 2552 rol
1022 2497 1163 2571 ucddctq'-

68 2607 165 2660 μενοι,
193 2587 232 2654 ii,
259 2585 319 2654 qui
342 2581 468 2638 foedus
492 2575 640 2644 violant.
658 2614 691 2625 -
728 2575 890 2638 Ceterumd
907 2581 936 2635 in
954 2582 998 2638 his
1015 2585 1162 2657 duplicare

18 2671 20 2678 ’
70 2675 233 2740 maluimus,
258 2672 325 2739 quia
343 2667 465 2738 simplex
482 2682 633 2724 consonans
650 2667 680 2726 in
698 2665 851 2728 Pindarico
869 2665 1002 2739 adactos,
1021 2672 1163 2730 alemani.

70 2780 106 2817 co
123 2762 259 2832 sapatum
276 2757 403 2828 posticae
420 2753 548 2813 licentiae
565 2753 663 2808 deberi
680 2753 800 2812 videtur.

106 2859 137 2919 6)
171 2855 206 2908 Β.
224 2848 429 2922 λατρειόμενον,
454 2849 528 2918 quod
548 2865 600 2918 pro
617 2845 815 2920 λατρευόμινον
829 2865 893 2906 esse
909 2849 1024 2910 diribet
1040 2855 1166 2926 explicat

71 2958 138 3014 per
163 2937 427 2997 venerationem
452 2934 666 3006 praestitum.
710 2936 764 3000 At,
787 2953 822 2990 ue
839 2953 1003 3006 urgeamus,
1025 2956 1097 3008 quae
1113 2941 1165 2996 alii

71 3036 239 3086 monuerunt
263 3024 299 3078 de
320 3021 429 3094 passivo
447 3021 527 3089 hujus
551 3020 627 3074 vocis
650 3019 724 3090 apud
750 3021 921 3089 antiquiores
947 3034 1022 3079 certe
1041 3043 1097 3080 non
1114 3030 1166 3084 ob·

72 3116 141 3182 vio,
168 3123 212 3180 et,
234 3112 297 3182 ipso
314 3107 459 3164 Boeckhio
477 3105 658 3174 concedente,
687 3106 723 3164 dc
740 3106 852 3163 insolita
868 3108 1086 3180 significatione,
1115 3127 1166 3168 nos

73 3203 151 3256 serre
168 3214 224 3251 uon
240 3207 383 3266 possumus
400 3213 425 3248 ει
441 3208 494 3265 pro
511 3211 540 3245 ao
557 3192 685 3262 positura·
729 3194 801 3250 Nam
818 3211 889 3262 quae
906 3195 1067 3251 Boeckhius
1085 3200 1166 3270 hujus

24 3315 27 3320 ,
74 3283 235 3344 mutationis
257 3280 386 3350 exempla
411 3279 557 3333 edecreto
585 3279 613 3332 iu
631 3278 806 3357 Timotheum
823 3281 930 3349 attulit,
959 3277 1121 3353 Ἐλεισινίαρ
1138 3295 1167 3342 et

75 3371 252 3438 διεσκείσατο,
287 3383 320 3422 ca
343 3365 446 3420 nullam
468 3365 658 3421 auctoritatem
682 3365 798 3432 habent,
832 3383 916 3433 quum
934 3366 1077 3424 verissima
1093 3370 1166 3426 illud

77 3460 218 3516 decretum
235 3471 252 3508 a
269 3452 407 3508 Muellero
424 3451 496 3506 Dor.
513 3452 552 3506 11.
576 3468 604 3522 p.
621 3453 673 3507 323
696 3451 821 3520 spurium
843 3453 996 3522 iudicetur,
1029 3471 1120 3526 neque
1136 3457 1167 3511 in

77 3539 275 3600 recentissimis
292 3537 519 3609 inscriptionibus
538 3535 683 3592 Laconicis
699 3533 852 3605 Σειδέκτασ,
868 3541 1028 3610 &bromios
1044 3552 1096 3600 etc.
1114 3557 1168 3613 pro

79 3625 242 3693 Osodaavrot,
261 3622 420 3696 Θεόπομπος
436 3623 505 3691 (vid.
523 3625 555 3679 G.
573 3625 596 3681 l·
613 3640 656 3678 nr.
676 3625 759 3690 1239,
779 3625 858 3690 13⁷2)
876 3641 893 3678 e
911 3623 1071 3694 Occisurus,
1098 3624 1170 3684 θιῦ..
1277 3636 1283 3650 ·

79 3729 189 3784 capnos
214 3723 277 3770 nata
297 3720 360 3766 sunt
382 3707 431 3766 sed
448 3725 487 3765 ex
508 3709 712 3780 antiquioribus
729 3708 876 3765 Laconicis
898 3710 996 3766 formis
1012 3709 1170 3784 ratense,

82 3794 252 3868 Σιόπομπος.
293 3797 465 3870 Hermaunus
490 3797 636 3867 proposuit
659 3792 864 3865 λατρειοῦμενον
888 3812 905 3851 a
925 3814 997 3853 novo
1015 3799 1101 3854 verbo
1118 3794 1171 3854 tc«

81 3882 195 3953 τριιόω,
227 3891 255 3938 et
278 3883 472 3954 interpretatus
497 3891 539 3936 est
564 3881 641 3938 usui
665 3882 789 3952 templi
813 3897 916 3938 sacro
942 3883 1169 3942 destinatum.

82 3969 245 4030 Boeclthius
269 3967 297 4022 in
320 3968 394 4042 add.
426 3985 453 4038 p.
472 3969 537 4038 sta,
556 3984 573 4023 a
598 3985 659 4024 cum
680 3969 833 4036 Welclrero
856 3983 953 4024 novam
976 3976 1004 4023 et
1026 3985 1121 4024 vocem
1141 3980 1170 4028 et

83 4054 314 4128 significationem
332 4042 445 4124 respuit.
481 4058 519 4109 At
536 4072 608 4123 vox,
634 4069 789 4122 quanquam
807 4071 894 4122 nova,
916 4063 1005 4109 umen
1023 4057 1112 4125 probe
1128 4065 1171 4114 est

85 4148 209 4199 formata.
244 4141 314 4195 Nam
332 4139 414 4194 sicuti
430 4140 465 4194 ab
480 4133 580 4209 cisiis,
605 4141 770 4206 simulas,
794 4139 937 4196 derivatur
952 4135 1049 4195 οἰκεῖος
1070 4141 1170 4197 sami·
1248 4201 1251 4204 ,

87 4228 209 4300 liaris,
226 4226 292 4284 iude
307 4220 412 4284 οἶκειὸω·
430 4225 639 4286 familiarem
656 4226 782 4296 reddo,
801 4227 841 4282 ita
856 4243 873 4284 a
890 4223 1169 4301 ldrptsveliaspait,
