2712 4820
38 279 68 373 l.
92 278 149 358 15.
200 278 257 352 De
283 274 364 352 aliis
389 275 485 378 long.
512 276 627 352 vocal.
655 289 690 348 et
716 273 922 378 diphthong.
951 292 1019 354 eto.
1046 275 1121 356 ’97

39 485 68 566 ἥ.
109 485 262 552 Errorem
282 479 482 572 grammatici
502 480 607 566 alins,
628 479 797 570 Ὀρέσταις
816 482 989 552 Aeolicum
1010 486 1119 554 dieen-

38 588 97 666 tis,
130 611 228 676 snpra
251 583 508 673 significavimus
528 577 559 670 §.
581 582 622 649 10
642 596 710 650 not.
734 587 773 662 3,
807 609 915 675 neque
941 589 1049 656 minus
1069 591 1119 672 γε’-

37 697 116 770 torpa
138 699 170 754 et
192 687 335 768 similia,
368 685 403 748 in
425 683 544 772 quibus
567 683 788 776 diphthongus
810 711 911 777 aeque
933 713 992 778 pro
1019 699 1040 766 ῆ
1061 715 1117 779 po·

38 791 91 856 sita
121 801 225 866 esset,
260 813 325 852 non
348 809 422 852 esse
443 785 828 852 Aeolieademonstrare
857 789 1057 854 studebimus
1085 785 1115 878 ᾗ.

35 894 89 969 26,
111 893 146 958 4.
199 890 366 955 Interdum
389 896 421 952 ᾶῑ
442 910 502 976 pro
529 893 568 968 ἦ,
602 887 738 952 aetiam
757 887 791 954 in
813 889 916 956 libros
937 891 1021 956 male
1038 891 1119 958 irre·

35 995 116 1082 psit,
146 1002 181 1056 nt
201 993 277 1057 Ale.
308 991 349 1056 33
383 990 612 1069 νακνεφαλαΐς,
643 986 765 1077 Sappb.
789 991 885 1069 ll,3
918 990 1117 1074 potorium,-

36 1119 137 1184 neqne
166 1094 201 1160 in
223 1095 447 1179 Lampsaceno
478 1091 502 1154 l.
525 1088 568 1156 27
595 1089 817 1177 diphthongus
847 1091 883 1156 in
905 1093 1049 1180 genitivo
1069 1105 1118 1159 to·

35 1197 127 1262 lerari
157 1207 263 1286 potest
293 1193 328 1258 in
359 1196 415 1268 τᾶς
437 1194 468 1256 δι’·
491 1189 698 1276 ἆναγγελιάις,
730 1216 790 1281 pro
812 1215 878 1281 qno
898 1192 962 1258 alia
982 1218 1117 1284 apogra-

34 1301 91 1388 pha
106 1297 227 1362 habent
242 1293 471 1376 droyyalallore,
491 1292 558 1382 leg.
580 1289 766 1375 ἇναγγελίας,
783 1317 885 1383 quum
901 1291 929 1364 ἷι
946 1298 1118 1384 repetitum

33 1399 187 1490 lapicidae
210 1394 379 1485 sphalmati
402 1393 566 1458 debeatur.
609 1392 697 1460 Male
719 1417 785 1458 non
805 1395 912 1460 minus
932 1397 1018 1486 apud
1038 1398 1115 1463 Ale.

36 1504 72 1568 89
104 1525 122 1566 e
160 1496 282 1563 codicis
320 1495 461 1560 lectione
495 1492 604 1578 τόμαις
635 1497 735 1583 vulgo
766 1485 956 1562 emendatur
985 1500 1115 1579 τομιάις,

34 1629 135 1692 quum
164 1598 293 1664 lucilius
320 1598 409 1683 justa
437 1597 539 1662 forma
565 1597 673 1678 τομίας
700 1619 760 1686 pro
786 1600 897 1679 ταμίας
916 1597 1114 1665 restituatur.

34 1705 182 1770 Ceterum
205 1723 330 1765 errores
355 1697 633 1784 grammaticorum
656 1709 688 1764 et
715 1699 922 1764 librariorum
953 1699 1031 1766 inde
1053 1702 1118 1766 orti

34 1815 130 1888 sunt,
165 1802 272 1892 quod,
304 1825 403 1888 quum
427 1822 522 1886 saepe
551 1799 636 1885 apud
656 1799 780 1864 Aeoles
812 1802 846 1862 ἆῐ
867 1821 925 1886 pro
946 1801 1117 1890 vulgaria}

32 1909 80 1972 vel
115 1909 136 1971 ἆ
171 1895 271 1992 (vid.
295 1897 326 1990 ᾗ.
351 1896 424 1987 10.)
457 1900 627 1994 viderent,
670 1901 761 1988 leges
797 1901 897 1985 hujus
927 1901 1116 1970 mutationis

27 2009 228 2098 ignorabant.

110 2113 164 2180 De
192 2113 222 2173 ἐἰ
249 2131 307 2197 pro
335 2113 356 2183 ἦ
381 2103 417 2168 in
446 2102 626 2168 recentiore
647 2099 817 2168 Aeolismo
838 2101 904 2168 vid.
937 2098 968 2194 ᾗ.
991 2107 1052 2192 22,
1074 2107 1115 2194 63

30 2213 203 2282 decadem
231 2208 407 2274 mutatione
428 2204 591 2272 Aeolibns
611 2227 670 2292 pro
697 2203 827 2268 Boeotis
853 2204 974 2274 tributa
1005 2203 1035 2296 ἓ.
1059 2210 1112 2279 39.

29 2329 91 2384 not.
115 2319 149 2384 3.
853 2363 860 2372 ,

66 2422 101 2501 4)
125 2418 279 2502 Longum
305 2419 322 2470 ῖ
344 2419 376 2474 et
403 2415 433 2472 ῑῐ
454 2407 489 2472 in
510 2407 680 2472 nonnullis
700 2405 837 2474 vocibus
861 2410 930 2496 jam
952 2410 1038 2500 apud
1058 2436 1120 2478 an·-

30 2522 185 2611 tiqniores
208 2515 350 2580 Graecos
371 2520 610 2599 permutantur,
638 2534 704 2598 quo
724 2509 864 2598 pertinet
886 2512 1002 2588 εἴκοσι,
1026 2513 1115 2600 quod

29 2624 151 2712 legitur
177 2616 273 2684 etiam
305 2613 341 2678 in
373 2609 474 2676 Lesb.
503 2611 587 2676 2166
612 2635 671 2698 pro
699 2610 882 2698 antiquiore
910 2614 1037 2692 Manu,-
1081 2625 1115 2680 et

31 2724 153 2812 duplex
183 2721 285 2784 forma
317 2713 473 2778 Hooaldav
504 2723 536 2776 et
565 2713 702 2776 Horr'dav
731 2705 812 2796 (vid.
836 2703 866 2796 ἓ.
890 2707 965 2798 23).
988 2749 1030 2761 -
1072 2715 1114 2780 lu

26 2821 264 2892 recentioribus
285 2815 391 2881 titulis
414 2835 528 2901 saepe,
558 2821 595 2876 ut
616 2821 704 2876 aetas
724 2811 788 2876 lert
800 2856 811 2894 ,
832 2812 862 2874 Ξῖ
882 2820 975 2900 prot
998 2813 1112 2880 scribi·

27 2940 96 3009 tur,
118 2927 227 3006 τείρα,
251 2919 451 3002 κατείρωσις,
473 2913 626 2986 nolebam
647 2923 707 2975 ete.

111 3025 152 3114 5)
181 3022 369 3102 Interdum,
412 3016 440 3081 si
472 3038 536 3104 qua
564 3013 646 3077 fides
675 3023 725 3076 est
752 3009 988 3098 grammaticis,
1025 3014 1112 3103 apud

27 3131 152 3198 Arolos
180 3135 285 3190 uerat
311 3144 370 3211 pro
392 3112 479 3203 03⁴).
534 3114 692 3202 Exempla
714 3111 890 3180 afferuntur
917 3114 1023 3199 χελύνη
1052 3139 1113 3202 pro·

25 3233 140 3319 χελώνη
171 3253 189 3296 e
212 3225 405 3316 Sapphone,
439 3217 555 3281 deinde
577 3217 678 3278 rr'urov
698 3238 757 3303 pro
778 3216 888 3278 τέκτων
910 3227 942 3279 et
962 3215 1025 3279 alia
1045 3217 1110 3280 lor·

26 3396 301 3415 md..-
323 3394 328 3402 .

56 3529 84 3592 l)
121 3526 168 3582 Et.
194 3523 310 3589 οΓ.28,
329 3519 370 3574 16.
396 3509 508 3586 dumnoc
527 3547 557 3560 —
576 3508 696 3584 ἆμνῖμων
716 3517 759 3568 καὶ
782 3507 870 3586 τροπῇ
886 3507 1001 3585 Αἶνλικῇ
1022 3511 1109 3570 rosi&

22 3614 56 3672 ais
80 3614 99 3670 ἶι
125 3609 242 3684 ᾰμῦμων
261 3639 291 3648 -
310 3603 345 3659 oie
367 3597 443 3671 nopai
466 3604 582 3670 Σαπφοῖ
604 3597 704 3666 χελώνη
728 3597 837 3667 galiam
864 3599 958 3652 eadem
980 3599 1110 3670 Sapphus

21 3704 137 3758 nomine
155 3697 254 3752 omisso
271 3695 316 3747 Et.
335 3694 375 3746 nl.
394 3693 442 3756 87,
460 3692 508 3753 33,
533 3689 568 3740 es.
587 3689 654 3753 808,
672 3687 716 3740 26.
733 3681 829 3752 χιλῦνη
851 3714 876 3723 -
898 3685 1002 3756 atym,
1019 3683 1048 3740 δὲ
1064 3694 1109 3742 ,42

20 3789 36 3858 ἡ
59 3784 180 3855 χελώνη·
207 3779 285 3849 δηλοῖ
306 3777 334 3833 δὲ
358 3783 402 3830 καὶ
422 3771 473 3842 τήν
497 3770 619 3844 κιθάραν
644 3769 715 3844 παρ’
732 3767 866 3827 Αἰολεῦσι.
885 3799 918 3813 -
954 3769 1054 3826 nrcad.
1073 3769 1109 3826 de

20 3910 75 3947 acc.
97 3908 128 3962 p.
150 3891 191 3942 tn.
211 3885 262 3950 (cf.
280 3900 308 3952 p.
326 3881 380 3938 93.)
402 3873 437 3933 roi
459 3873 496 3933 at’t
516 3859 548 3930 ἶν’
568 3859 684 3944 λη’γρντα
706 3872 855 3944 βαρύνεται
875 3871 1018 3940 ἐξαιρέτως
1033 3867 1108 3938 παραὶ

17 3983 75 4033 τοῖς
94 3967 256 4036 Αἰολεῦσιν,
275 3965 399 4035 Φόρκυν,
418 3961 540 4029 Πόλινν,
556 3960 676 4029 Γόρτυν,
694 3965 788 4016 τίκτον
806 3976 858 4030 pro
875 3962 988 4024 τέντωνς
1007 3958 1106 4012 Choer.

17 4080 116 4134 Bekk.
137 4077 214 4130 1198.
246 4067 335 4124 naim
351 4041 387 4122 'at
404 4064 440 4122 sis
454 4047 494 4120 ’rm
509 4060 659 4138 βαρύτονα,
684 4059 777 4129 ἐπειδὴ
799 4057 835 4116 roi
852 4055 939 4114 nvidai
956 4051 1031 4128 neoni
1049 4058 1107 4112 tois

15 4159 162 4220 Αἰολεῦσιν
179 4155 336 4226 adoleantur.
881 4155 883 4165 ¹
1097 4136 1105 4155 ·
