2712 4820
237 310 269 403 6.
300 310 359 387 lt.
410 311 467 388 De
492 321 514 399 ἦ
538 325 573 387 ct
598 321 625 384 o]
649 337 716 410 pro
744 323 780 386 ἑῐ
803 328 838 387 et
861 324 911 388 ᾶῡ.
1065 314 1115 392 89

516 611 547 703 §-
580 616 632 684 u.
726 623 730 630 ·

354 751 673 819 nequeumt?
695 753 791 806 0155.

122 884 154 975 1)
176 886 278 976 Saepe
299 889 426 977 antiqui
446 889 644 980 grammatici
663 891 694 952 ii
714 889 928 978 apudAeolcs
949 891 985 956 in
1006 895 1026 970 ἦ
1047 918 1116 958 uru-

47 987 100 1052 tari
126 991 264 1054 tradunt.
320 990 365 1054 Et
385 977 564 1058 certissima
585 989 717 1080 quidem
746 993 825 1056 haec
856 993 989 1058 mutatio
1011 1005 1061 1058 cst
1081 995 1117 1059 iu

48 1090 206 1157 infinitivis
227 1090 410 1174 verborum,
434 1116 517 1179 quae
539 1091 800 1181 conjugationem
820 1092 856 1155 in
880 1095 905 1154 ὦ
926 1107 1116 1182 sequuntur.

49 1191 169 1258 Praeter
190 1193 467 1280 grammaticorum
483 1190 514 1279 ¹)
537 1194 624 1259 enim
644 1193 828 1258 testimonia
848 1193 936 1259 tituli
964 1198 1042 1260 liaec
1064 1221 1118 1262 cx·

50 1297 147 1382 ernpla
161 1295 299 1358 hubent:
323 1295 424 1360 Lesb.
443 1296 539 1376 2166,
560 1295 603 1362 20
617 1295 786 1376 συμφέρον,
810 1295 851 1360 38
866 1296 1002 1361 fortasse
1019 1296 1119 1380 ὀείγηο

50 1395 107 1460 vid.
136 1398 163 1480 §.
184 1396 238 1464 ,6.
269 1405 336 1458 uot.
368 1397 399 1462 8.
423 1397 463 1462 39
492 1399 689 1480 (evremaro,
720 1394 814 1460 Cum.
838 1396 889 1461 17.
918 1399 960 1464 28
989 1396 1118 1482 tonaio,

52 1498 174 1584 οοοέχην,
196 1507 320 1562 tantuin
334 1493 466 1588 Lamqis3
483 1499 526 1565 28
546 1497 710 1584 ὑπάρχειν,
734 1497 768 1560 in
790 1497 885 1563 libris
901 1511 1024 1564 servata
1044 1512 1120 1566 sunt

50 1597 115 1662 Alc.
137 1601 177 1666 45
199 1611 232 1664 et
252 1597 371 1686 Sapph.
394 1599 437 1665 26
459 1601 563 1680 εἴπηο,
586 1597 622 1662 S.
646 1601 677 1686 1,
701 1599 740 1664 19
763 1598 857 1682 ἄγην,
879 1601 920 1682 2,
943 1602 983 1666 15
1005 1602 1121 1665 ἐπιδεύ-

53 1724 117 1778 oar,
150 1701 190 1768 18
218 1701 350 1782 noaino,
381 1700 425 1766 20
450 1702 655 1785 φροντίσδηο,
688 1696 775 1764 uude
802 1702 953 1788 vulgares
983 1704 1118 1788 formae,

51 1825 121 1890 quac
141 1801 260 1890 passim
281 1801 448 1890 leguntur,
470 1801 556 1867 lraud
577 1810 764 1868 cunctanter
782 1803 1010 1889 propellendae
1032 1816 1118 1870 sunt.

122 1904 194 1970 Non
223 1904 332 1968 miuus
359 1927 471 1967 verum
503 1903 659 1967 hahemus
690 1900 769 1987 χῆρ,
811 1905 898 1991 quod
926 1929 945 1968 a
976 1904 1122 1971 Chocro-

50 2003 140 2070 bosco
154 2010 181 2088 ²)
210 2005 383 2070 Aeolicum
407 2005 524 2069 dicitur
543 2027 602 2092 pro
622 2005 707 2088 χεὶρ,
737 2028 919 2092 quanquam
943 2006 1121 2094 genitivum

51 2107 148 2192 χέρ’ῥος
180 2131 314 2174 sonasse
350 2131 446 2195 supra
468 2105 609 2172 vidimus
639 2098 691 2191 (ξ
715 2101 757 2186 8,
780 2100 832 2191 8).
899 2106 1008 2190 Quum
1034 2107 1121 2172 enirn

53 2207 215 2297 duplicatio
242 2206 405 2296 liquidae,
443 2231 525 2296 quac
559 2206 662 2292 ejecta
689 2203 798 2295 aliqua
819 2219 1017 2274 consonante
1047 2219 1123 2278 nata

52 2309 184 2388 uidetur,
216 2309 250 2376 iu
272 2309 337 2374 fine
357 2308 448 2374 vocis
477 2310 585 2375 locum
606 2307 724 2374 habere
745 2331 811 2370 uon
838 2320 968 2401 posset,
999 2311 1122 2378 Aeolcs

54 2435 113 2474 eain
132 2411 241 2477 brevis
262 2411 384 2475 vocalis
411 2410 656 2499 productionem
677 2407 892 2491 adhibebant,
926 2435 1008 2500 quae
1036 2414 1121 2502 apud

53 2511 252 2580 Doriensium
273 2523 395 2602 partem
416 2513 451 2580 in
473 2537 536 2602 usu
568 2523 636 2593 est,
669 2509 730 2596 χήρ
753 2509 941 2582 dicentium.
1005 2513 1123 2602 Neque

53 2616 178 2698 multum
201 2615 327 2682 diversa
350 2623 400 2678 cst
425 2612 660 2686 infinitivoruru
689 2612 781 2684 ratio.
846 2609 930 2684 Nam
951 2613 998 2680 uti
1020 2617 1124 2687 θεῖοαο

55 2738 69 2778 c
96 2719 220 2799 θέμεναι
255 2715 406 2797 (θὲμοαι)
445 2725 555 2784 natum
586 2724 636 2780 est
665 2713 769 2798 ejecto
799 2720 821 2792 ξι
848 2722 880 2784 ct
906 2713 1009 2785 vocali
1048 2713 1124 2788 inde

54 2819 197 2904 producta
230 2813 315 2902 (vid.
346 2816 426 2882 diss.
457 2826 559 2880 nostr.
583 2814 623 2879 de
644 2814 731 2898 conj.
761 2814 796 2886 iu
815 2813 898 2902 ἦρ.
925 2811 1002 2900 11),
1033 2814 1076 2880 ita
1106 2839 1124 2880 e

55 2921 194 3000 λεγέμεοοο
225 2921 307 2986 facta
338 2930 414 2984 sunt
444 2924 596 3000 λεγεμοαι,
630 2922 774 3000 λεγεοοαο,
810 2941 892 3005 quae
918 2939 983 2978 non
1005 2917 1124 3010 reperi·

55 3030 163 3105 untur,
193 3021 333 3110 denique
355 3019 465 3103 λέγειν,
493 3018 607 3082 ultimo
631 3025 664 3079 ᾶῖ
685 3017 822 3102 abjecto.
866 3017 938 3088 dour
960 3041 1035 3082 vero
1057 3019 1124 3088 Do-

55 3119 203 3193 ricnsium
235 3145 310 3214 pars
353 3130 386 3188 ct
414 3117 536 3192 Aeolus
569 3118 664 3194 ctiam
690 3119 748 3190 liic
777 3128 792 3182 i
820 3119 1031 3217 productione
1067 3120 1126 3194 illa

57 3318 326 3334 Ἢ

86 3453 111 3516 l)
143 3454 170 3508 J.
189 3453 238 3507 Gr.
256 3454 320 3521 214,
339 3470 381 3522 a,
407 3453 521 3511 Mecum.
541 3459 607 3524 660,
625 3457 710 3526 Greg.
730 3457 760 3512 C.
780 3460 847 3526 587,
872 3457 973 3512 Aeoles
990 3458 1009 3527 ἦ
1029 3473 1080 3528 pro
1096 3459 1127 3512 ii

57 3533 176 3596 habuisse
199 3541 327 3600 docentes
352 3543 481 3612 exempla
505 3535 636 3598 adhibent
670 3543 820 3602 infinitivos
846 3544 949 3599 Aorist.
967 3545 1006 3602 11.
1031 3541 1128 3612 ε’λθῆο,

56 3619 134 3693 ludria
150 3637 217 3694 etc.;
243 3629 308 3681 item
325 3627 351 3682 J.
370 3628 420 3681 Gr.
437 3629 502 3695 ⁶236,
520 3646 550 3695 a,
578 3629 659 3682 Leid.
675 3633 726 3686 637
753 3633 836 3695 (corr.
855 3632 926 3698 Aug.
945 3634 1010 3698 67⁰,
1033 3631 1128 3687 Varie.

57 3711 122 3778 689),
139 3713 331 3781 quincono
348 3730 401 3784 pro
412 3717 554 3784 Κυθέρεια
571 3716 683 3770 addunt.
695 3745 726 3756 -
760 3716 854 3770 Tuetz.
873 3717 908 3769 ad
923 3716 1036 3768 Hesiod.
1054 3717 1128 3784 Opp.

56 3798 102 3850 664
126 3808 154 3852 ct
179 3799 222 3852 Et.
249 3800 327 3854 Leid.
352 3817 395 3871 ap.
414 3799 501 3854 Gaisl.
524 3802 603 3856 adh.
622 3803 641 3855 l.
665 3799 722 3854 πᾶο
744 3799 941 3872 οἷπαρὲμφαοον
964 3797 1010 3854 tut
1036 3797 1126 3865 colii

57 3881 165 3937 Aeolica
181 3885 266 3938 scribi
285 3886 453 3940 tradunt-
488 3887 533 3940 Et.
552 3888 678 3955 111342,
697 3890 740 3944 22.
764 3886 796 3944 cd
819 3887 848 3944 dd
867 3887 952 3959 λέγειν
973 3895 1018 3942 καὶ
1039 3889 1131 3955 φέροιο

57 3965 82 4020 οἰ
95 3968 199 4026 Αἰολεῖς
214 3969 293 4042 λέγην
309 3979 354 4026 καὶ
371 3975 455 4043 φέρον
472 3969 517 4026 διὰ
535 3972 584 4027 τοῦ
599 3975 627 4041 ἦ.

87 4092 114 4154 1)
147 4091 247 4146 choer.
275 4092 329 4144 Ox.
355 4079 393 4145 11'.
413 4094 462 4146 271
470 4131 478 4159 ,
496 4095 522 4147 3.
546 4099 617 4166 χεὶρ,
642 4091 702 4149 ἐπεὶ
725 4093 754 4150 οἰ
776 4091 882 4150 Αἰολεῖς
908 4055 1044 4164 6911θὲ·
1066 4084 1131 4164 idel

60 4183 133 4242 quan
148 4179 291 4252 τρέποντες
307 4174 358 4247 τήν
372 4180 401 4230 ii
419 4176 455 4234 ele
470 4176 502 4272 οὐ
524 4181 552 4248 ἢ.
