2748 4832
401 335 436 432 ὃ.
462 333 498 424 ὅ.
531 345 592 419 De
614 335 810 448 digamma.
992 418 994 426 s
1099 357 1149 438 35

59 509 199 602 moravit
218 510 392 599 Androtio,
413 515 480 580 vid.
504 517 559 585 ut.
580 518 629 587 M.
649 524 726 609 214,
748 523 770 592 7
792 522 863 614 (ulai
887 527 986 616 ἄκρας
1005 539 1147 618 Asopiad-

61 613 122 686 κῆς
144 610 312 697 Bovium),
342 639 360 680 a
381 615 519 701 ρἡνυμι.
563 621 647 690 Nam
669 650 736 692 non
757 627 881 718 ubique
902 633 1023 700 Aeoles
1045 637 1063 716 ῥ
1083 636 1145 703 ini-

57 713 132 779 tiali
159 711 189 796 β’
211 717 420 802 praefixisse,
452 731 539 787 recte
561 722 760 812 Apollonius
787 743 917 816 monet,
948 723 1145 827 quiunquam,

57 813 183 901 quibus
211 815 333 882 linibus
361 821 449 884 lrunc
472 846 567 888 usum
589 825 847 914 circumscribit,
886 859 942 900 cos
963 861 1030 902 non
1051 863 1144 906 veros

57 939 155 992 esse,
188 916 296 1004 ipsum
317 919 504 988 adverbium
532 929 598 1010 βρᾶ
627 929 739 1015 docet,
770 935 857 1022 quod
888 961 954 1002 non
983 939 1146 1006 diversum

18 1023 25 1032 “
57 1041 137 1081 esse
162 1041 180 1083 a
207 1019 281 1098 ῥέα,
312 1045 439 1112 neque,
472 1037 508 1089 ut
538 1027 594 1092 ille
614 1029 705 1112 vult,
738 1057 879 1122 apocope
902 1058 919 1101 e
940 1038 1072 1123 βρᾴδιον
1093 1065 1143 1109 or·

54 1129 149 1202 tum,
184 1143 272 1184 nunc
294 1145 388 1187 nemo
410 1125 553 1212 negabit.
607 1128 730 1196 Melius
752 1134 941 1202 Priscianus
968 1139 1143 1228 intellexit,

55 1221 228 1310 antiquum
252 1221 411 1310 digamma
442 1225 476 1288 in
498 1225 714 1315 dtransisse,
744 1237 832 1324 quod
854 1238 1078 1326 confirmatur,
1113 1245 1143 1310 si

56 1321 184 1405 βρὴτωρ
207 1346 428 1411 comparamus
459 1351 531 1392 cunr
553 1331 682 1414 deapo
709 1337 743 1398 in
772 1338 902 1404 loedere
924 1341 1079 1408 Eleorum
1101 1345 1140 1412 C.

55 1425 86 1488 Ι.
109 1448 160 1489 nr.
186 1425 246 1506 11,
281 1428 373 1506 delto
394 1449 466 1491 curn
489 1441 599 1496 nostro
621 1433 815 1520 Wurzel,
846 1439 962 1526 βρύτηρ
985 1455 1016 1508 et
1036 1445 1144 1528 naam

56 1549 133 1588 cnm
146 1521 238 1606 ἐρύω,
263 1526 350 1614 quod
366 1530 451 1616 apud
466 1531 644 1597 Homerum
664 1535 816 1624 digammi
839 1542 958 1624 indicia
980 1547 1087 1612 habet.

142 1624 294 1690 Ceterum
316 1641 465 1716 apparet,
488 1644 523 1695 nt
543 1633 688 1723 reliquos
711 1643 948 1728 grammaticos,
970 1647 1014 1732 ita
1036 1650 1141 1738 Apol-

53 1727 202 1808 lonium,
239 1727 296 1816 qni
324 1739 397 1794 ante
425 1731 554 1798 vocales
582 1735 690 1822 ipsum
719 1739 879 1830 digamma
906 1745 941 1810 in
973 1735 1140 1836 poetarum

52 1829 251 1894 Lesbiorum
280 1829 377 1898 libris
411 1834 565 1922 scriptum
596 1836 740 1922 invenit,
782 1854 855 1909 antc
886 1871 904 1930 p
933 1837 1141 1938 invenisse}

52 1955 114 2018 pro
137 1931 308 2018 digannna.
334 1917 341 1930 ’
363 1930 494 1997 Certum
516 1935 593 2000 inde
614 1935 796 2024 videretur,
828 1945 919 2032 ipsos
939 1958 1051 2036 politas
1069 1956 1138 2040 jain

53 2035 91 2098 in
112 2033 165 2096 uis
186 2017 209 2115 ᾗ
228 2057 287 2120 pro
317 2033 475 2118 digamma
505 2038 751 2124 pronuntiasse,
790 2045 857 2109 nisi
878 2047 1067 2137 Tryphonis
1093 2067 1139 2122 te-

54 2135 209 2199 stimonio
248 2123 446 2216 constaret,
467 2135 568 2199 semel
600 2139 683 2225 apud
715 2143 873 2210 Alcaeum
903 2155 1038 2236 Ρρῆξις,
1072 2181 1137 2225 non

52 2241 185 2320 βρῆξις,
210 2235 364 2324 seriptum
385 2235 500 2300 luisse.
556 2235 629 2302 Jam
657 2244 801 2332 suspicio
822 2249 985 2334 nascitur,
1015 2269 1136 2327 mature

51 2337 270 2410 recentiorum
290 2335 432 2402 Aeolum
453 2341 746 2424 pronuntiationem
771 2345 806 2412 in
828 2349 931 2415 libros
949 2353 1134 2445 irrepsisse,

52 2440 225 2528 antiquum
246 2438 404 2526 digamma
427 2461 504 2500 casn
526 2441 636 2529 aliquo
667 2444 701 2507 in
721 2453 837 2530 Γρῆξις
868 2466 1026 2521 servatum
1047 2483 1133 2552 essc,

51 2563 161 2631 neque
181 2549 288 2604 tamen
309 2563 376 2604 rem
398 2539 438 2602 ad
458 2539 621 2627 liquidnm
643 2547 818 2632 perducere
837 2551 926 2616 licet,

138 2641 179 2727 5)
220 2633 259 2705 In
289 2639 406 2704 mediis
437 2664 566 2730 quoquc
600 2647 735 2711 vocibus
774 2649 860 2714 inter
889 2656 1016 2722 vocales¹
1048 2663 1133 2748 apud

51 2745 177 2810 Aeoles
199 2743 358 2830 digamma
385 2739 510 2824 fuisse,
545 2755 582 2808 ut
609 2745 704 2825 ridie,
733 2749 926 2817 Priscianus
948 2761 995 2842 ¹⁰)
1022 2761 1131 2848 tradit,

52 2845 111 2912 sed
132 2845 163 2910 is
184 2867 251 2908 non
272 2865 389 2931 magna
408 2841 471 2906 fide
494 2843 633 2933 dignus,
664 2848 739 2938 qrria
759 2849 950 2918 Alcmanem
969 2857 1133 2932 Laconem

49 2970 110 3034 pro
132 2945 268 3010 Aeolico
289 2950 383 3030 potita
403 2953 518 3008 testem
540 2943 646 3012 habet.

134 3045 270 3134 Reliqui
298 3046 496 3134 grammatici
522 3048 685 3131 referunt,
722 3050 844 3116 Aeoles
872 3051 907 3154 ip
937 3055 1131 3144 quibasdam

50 3148 138 3214 inter
157 3147 286 3214 vocales
314 3147 332 3209 ὗ
358 3146 537 3213 inseruisse
545 3193 556 3232 ,
592 3150 688 3236 cujus
710 3175 791 3220 nsua
819 3157 965 3246 exempla
989 3159 1127 3227 habent:

48 3333 329 3353 Μ

85 3479 130 3538 10)
165 3467 254 3526 Prisc.
272 3467 324 3522 v1.
343 3483 369 3536 p.
387 3468 452 3520 264:
481 3465 598 3520 »Aeoles
614 3477 724 3534 quoque
740 3461 831 3522 solent
846 3462 918 3524 inter
935 3470 1002 3530 duas
1020 3479 1128 3534 vocales

50 3560 171 3628 ejusdem
194 3553 323 3610 dictionis
342 3551 479 3619 digamma
499 3567 616 3620 ponere,
645 3553 764 3618 quasin
787 3557 880 3610 multis
903 3573 953 3611 nos
978 3563 1127 3634 sequimur,

49 3645 112 3700 tna
130 3643 209 3710 oria,
239 3626 459 3706 AaFoeDavus,
488 3634 562 3690 oiFor
584 3652 690 3690 oram«
710 3666 743 3678 -
776 3639 860 3694 1d,1⁸
883 3659 911 3712 p,
930 3645 978 3698 22,
1013 3650 1126 3706 ,Hiatus

48 3748 162 3800 quoque
179 3744 259 3781 eausa
275 3725 398 3778 solebant
423 3723 466 3776 illi
484 3723 605 3790 (Aeetes)
631 3721 807 3792 interponere
833 3727 970 3794 digamma
986 3737 1024 3799 F,
1050 3738 1125 3803 qnod

48 3818 196 3871 ostendant
213 3813 292 3867 etiam
311 3820 409 3881 poetae
425 3809 559 3864 Aeolidae
577 3809 630 3876 usi,
647 3809 759 3864 Alcman
772 3829 778 3862 a
790 3817 841 3880 ,nat
858 3817 939 3883 χεῖμα
954 3813 1009 3886 πῦρ
1026 3837 1056 3874 τε
1074 3816 1126 3874 dai-

48 3909 125 3970 Faov,
153 3914 180 3955 et
204 3899 413 3970 epigrammata,
440 3913 510 3964 quae
533 3904 641 3962 egomet
664 3895 721 3964 legi
746 3896 773 3950 in
800 3898 911 3968 tripode
934 3906 1123 3972 vetustissimo,
1167 3919 1169 3924 ·

47 3989 96 4054 qui
116 3997 168 4042 stat
191 3985 219 4038 in
238 3984 401 4053 Xerolopho
417 3981 569 4052 Byzantii,
588 3983 630 4034 sic
652 3983 769 4051 scriptas
801 3990 974 4056 Appopodua
990 3994 1123 4046 Aaron·

47 4079 132 4127 Hom
152 4103 185 4114 -
220 4071 265 4124 ld.
282 4071 305 4124 1.
324 4087 352 4140 p.
369 4071 416 4122 21:
442 4067 637 4122 »Inveniuntur
654 4068 735 4122 etiam
752 4086 804 4138 pro
823 4074 910 4126 vocali
928 4085 1056 4144 correpta
1071 4077 1125 4150 hog

48 4160 191 4228 digamma
207 4157 253 4213 illi
271 4157 333 4226 usi,
348 4166 378 4211 at
394 4156 508 4212 Alcman
525 4160 571 4210 rat
586 4155 669 4244 χεῖμα
684 4152 740 4227 arip
756 4173 787 4210 ra
804 4153 925 4214 ciniflone

887 4253 925 4316 3&
