<?xml version="1.0" encoding="UTF-8"?>
<!DOCTYPE html PUBLIC "-//W3C//DTD XHTML 1.0 Transitional//EN"
    "http://www.w3.org/TR/xhtml1/DTD/xhtml1-transitional.dtd">
<html xmlns="http://www.w3.org/1999/xhtml" xml:lang="en" lang="en">
 <head>
  <title>
</title>
<meta http-equiv="Content-Type" content="text/html;charset=utf-8" />
  <meta name='ocr-system' content='tesseract 3.04.00' />
  <meta name='ocr-capabilities' content='ocr_page ocr_carea ocr_par ocr_line ocrx_word'/>
</head>
<body>
  <div class='ocr_page' id='page_1' title='image "./degraccaelingua00ahregoog_0229.png"; bbox 0 0 2710 4820; ppageno 0'>
   <div class='ocr_carea' id='block_1_1' title="bbox 231 342 992 440">
    <p class='ocr_par' dir='ltr' id='par_1_1' title="bbox 231 342 992 440">
     <span class='ocr_line' id='line_1_1' title="bbox 231 342 992 440; baseline -0.011 -17"><span class='ocrx_word' id='word_1_1' title='bbox 231 347 307 440; x_wconf 70' lang='lat'><strong>212</strong></span> <span class='ocrx_word' id='word_1_2' title='bbox 506 355 513 368; x_wconf 78' lang='grc'><strong>“</strong></span> <span class='ocrx_word' id='word_1_3' title='bbox 553 347 609 418; x_wconf 83' lang='lat' dir='ltr'><strong>Ile</strong></span> <span class='ocrx_word' id='word_1_4' title='bbox 635 343 788 420; x_wconf 85' lang='lat' dir='ltr'><strong>dialecto</strong></span> <span class='ocrx_word' id='word_1_5' title='bbox 814 342 992 418; x_wconf 65' lang='lat' dir='ltr'><strong>Boeotico⁸</strong></span> 
     </span>
    </p>
   </div>
   <div class='ocr_carea' id='block_1_2' title="bbox 176 535 1344 2533">
    <p class='ocr_par' dir='ltr' id='par_1_2' title="bbox 176 535 1344 2533">
     <span class='ocr_line' id='line_1_2' title="bbox 233 535 1315 639; baseline -0.004 -25"><span class='ocrx_word' id='word_1_6' title='bbox 233 574 291 639; x_wconf 87' lang='lat' dir='ltr'><strong>pco</strong></span> <span class='ocrx_word' id='word_1_7' title='bbox 312 547 371 614; x_wconf 75' lang='grc' dir='ltr'><strong>ἐών</strong></span> <span class='ocrx_word' id='word_1_8' title='bbox 393 541 584 614; x_wconf 87' lang='lat' dir='ltr'><strong>Boeoti&#39;cnm</strong></span> <span class='ocrx_word' id='word_1_9' title='bbox 610 557 743 612; x_wconf 83' lang='lat' dir='ltr'><strong>vocatur</strong></span> <span class='ocrx_word' id='word_1_10' title='bbox 762 547 803 612; x_wconf 74' lang='lat' dir='ltr'><strong>ab</strong></span> <span class='ocrx_word' id='word_1_11' title='bbox 825 547 1000 616; x_wconf 73' lang='lat' dir='ltr'>Heraclide</span> <span class='ocrx_word' id='word_1_12' title='bbox 1029 572 1081 636; x_wconf 91' lang='lat' dir='ltr'><strong>ap.</strong></span> <span class='ocrx_word' id='word_1_13' title='bbox 1107 535 1206 614; x_wconf 64' lang='lat' dir='ltr'><strong>Eu&#39;st.</strong></span> <span class='ocrx_word' id='word_1_14' title='bbox 1232 545 1315 627; x_wconf 78' lang='grc'><strong>1410,</strong></span> 
     </span>
     <span class='ocr_line' id='line_1_3' title="bbox 232 646 1263 738; baseline -0.005 -21"><span class='ocrx_word' id='word_1_15' title='bbox 232 653 294 734; x_wconf 91' lang='grc'><strong>59,</strong></span> <span class='ocrx_word' id='word_1_16' title='bbox 316 662 348 716; x_wconf 89' lang='lat' dir='ltr'><strong>et</strong></span> <span class='ocrx_word' id='word_1_17' title='bbox 368 649 488 738; x_wconf 77' lang='lat' dir='ltr'><strong>legitur</strong></span> <span class='ocrx_word' id='word_1_18' title='bbox 509 646 607 722; x_wconf 79' lang='grc' dir='ltr'><em>ἰώσας</em></span> <span class='ocrx_word' id='word_1_19' title='bbox 625 648 650 712; x_wconf 89' lang='lat' dir='ltr'><strong>i.</strong></span> <span class='ocrx_word' id='word_1_20' title='bbox 674 672 703 712; x_wconf 88' lang='lat' dir='ltr'><strong>e.</strong></span> <span class='ocrx_word' id='word_1_21' title='bbox 728 647 842 726; x_wconf 76' lang='grc' dir='ltr'>ἰούσης</span> <span class='ocrx_word' id='word_1_22' title='bbox 864 651 966 732; x_wconf 85' lang='grc'><strong>1563,</strong></span> <span class='ocrx_word' id='word_1_23' title='bbox 991 650 1024 716; x_wconf 79' lang='grc' dir='ltr'><strong>Ι).</strong></span> <span class='ocrx_word' id='word_1_24' title='bbox 1048 650 1143 718; x_wconf 85' lang='grc'><strong>1564.</strong></span> <span class='ocrx_word' id='word_1_25' title='bbox 1170 650 1263 718; x_wconf 89' lang='grc'><strong>1565.</strong></span> 
     </span>
     <span class='ocr_line' id='line_1_4' title="bbox 316 749 1314 837; baseline -0.002 -20"><span class='ocrx_word' id='word_1_26' title='bbox 316 749 351 837; x_wconf 90' lang='grc'><strong>5)</strong></span> <span class='ocrx_word' id='word_1_27' title='bbox 387 752 426 814; x_wconf 93' lang='lat' dir='ltr'><strong>ln</strong></span> <span class='ocrx_word' id='word_1_28' title='bbox 446 750 597 814; x_wconf 77' lang='lat' dir='ltr'><strong>Perfecto</strong></span> <span class='ocrx_word' id='word_1_29' title='bbox 619 749 774 814; x_wconf 84' lang='lat' dir='ltr'><strong>notabilis</strong></span> <span class='ocrx_word' id='word_1_30' title='bbox 797 761 847 816; x_wconf 89' lang='lat' dir='ltr'><strong>est</strong></span> <span class='ocrx_word' id='word_1_31' title='bbox 866 751 970 816; x_wconf 81' lang='lat' dir='ltr'><strong>forma</strong></span> <span class='ocrx_word' id='word_1_32' title='bbox 993 749 1210 816; x_wconf 77' lang='lat' dir='ltr'><strong>dnodado&#39;uvtta</strong></span> <span class='ocrx_word' id='word_1_33' title='bbox 1233 749 1314 828; x_wconf 87' lang='grc'><strong>1569,</strong></span> 
     </span>
     <span class='ocr_line' id='line_1_5' title="bbox 232 849 1314 940; baseline -0.004 -24"><span class='ocrx_word' id='word_1_34' title='bbox 232 879 261 916; x_wconf 84' lang='lat' dir='ltr'><strong>a.</strong></span> <span class='ocrx_word' id='word_1_35' title='bbox 285 852 337 916; x_wconf 93' lang='lat' dir='ltr'><strong>lll</strong></span> <span class='ocrx_word' id='word_1_36' title='bbox 370 875 428 938; x_wconf 88' lang='lat' dir='ltr'><strong>pro</strong></span> <span class='ocrx_word' id='word_1_37' title='bbox 462 849 680 916; x_wconf 73' lang='grc' dir='ltr'><em>ἀποδεδώκασι</em></span> <span class='ocrx_word' id='word_1_38' title='bbox 701 851 804 936; x_wconf 82' lang='lat' dir='ltr'><strong>ejecto</strong></span> <span class='ocrx_word' id='word_1_39' title='bbox 834 851 853 914; x_wconf 70' lang='lat' dir='ltr'><strong>ic</strong></span> <span class='ocrx_word' id='word_1_40' title='bbox 882 861 914 916; x_wconf 88' lang='lat' dir='ltr'><strong>ct</strong></span> <span class='ocrx_word' id='word_1_41' title='bbox 942 863 1089 940; x_wconf 80' lang='lat' dir='ltr'><strong>correpta</strong></span> <span class='ocrx_word' id='word_1_42' title='bbox 1108 851 1237 934; x_wconf 84' lang='lat' dir='ltr'><strong>vocali,</strong></span> <span class='ocrx_word' id='word_1_43' title='bbox 1271 849 1314 914; x_wconf 90' lang='lat' dir='ltr'><strong>eui</strong></span> 
     </span>
     <span class='ocr_line' id='line_1_6' title="bbox 233 941 1313 1048; baseline -0.001 -31"><span class='ocrx_word' id='word_1_44' title='bbox 233 952 436 1048; x_wconf 85' lang='lat' dir='ltr'><strong>simillimum</strong></span> <span class='ocrx_word' id='word_1_45' title='bbox 458 963 508 1016; x_wconf 90' lang='lat' dir='ltr'><strong>est</strong></span> <span class='ocrx_word' id='word_1_46' title='bbox 528 951 739 1021; x_wconf 87' lang='lat' dir='ltr'><strong>Homericum</strong></span> <span class='ocrx_word' id='word_1_47' title='bbox 763 951 900 1034; x_wconf 73' lang='grc' dir='ltr'><em>βιβάασι</em></span> <span class='ocrx_word' id='word_1_48' title='bbox 919 975 978 1040; x_wconf 93' lang='lat' dir='ltr'><strong>pro</strong></span> <span class='ocrx_word' id='word_1_49' title='bbox 1000 941 1167 1034; x_wconf 69' lang='lat' dir='ltr'><strong>ssefldxaoc&#39;</strong></span> <span class='ocrx_word' id='word_1_50' title='bbox 1183 964 1217 1016; x_wconf 88' lang='lat' dir='ltr'><strong>et</strong></span> <span class='ocrx_word' id='word_1_51' title='bbox 1239 952 1313 1040; x_wconf 87' lang='lat' dir='ltr'><strong>ipso·</strong></span> 
     </span>
     <span class='ocr_line' id='line_1_7' title="bbox 195 1051 1315 1140; baseline -0.002 -22"><span class='ocrx_word' id='word_1_52' title='bbox 195 1075 205 1086; x_wconf 87' lang='lat'><em>&#39;</em></span> <span class='ocrx_word' id='word_1_53' title='bbox 232 1079 304 1118; x_wconf 87' lang='lat' dir='ltr'><strong>rum</strong></span> <span class='ocrx_word' id='word_1_54' title='bbox 325 1053 520 1118; x_wconf 78' lang='lat' dir='ltr'><strong>Boeotorum</strong></span> <span class='ocrx_word' id='word_1_55' title='bbox 551 1051 681 1116; x_wconf 68' lang='lat' dir='ltr'><strong>dveit-aar</strong></span> <span class='ocrx_word' id='word_1_56' title='bbox 710 1076 769 1140; x_wconf 83' lang='lat' dir='ltr'><strong>pro</strong></span> <span class='ocrx_word' id='word_1_57' title='bbox 800 1053 967 1131; x_wconf 72' lang='grc' dir='ltr'><em>ἀνέθηκαν.</em></span> <span class='ocrx_word' id='word_1_58' title='bbox 1035 1053 1125 1118; x_wconf 89' lang='lat' dir='ltr'><strong>Hinc</strong></span> <span class='ocrx_word' id='word_1_59' title='bbox 1147 1053 1315 1118; x_wconf 86' lang='lat' dir='ltr'><strong>verisimile</strong></span> 
     </span>
     <span class='ocr_line' id='line_1_8' title="bbox 232 1153 1311 1248; baseline -0.005 -28"><span class='ocrx_word' id='word_1_60' title='bbox 232 1165 282 1220; x_wconf 89' lang='lat' dir='ltr'><strong>est</strong></span> <span class='ocrx_word' id='word_1_61' title='bbox 302 1155 444 1220; x_wconf 89' lang='lat' dir='ltr'><strong>Boeotos</strong></span> <span class='ocrx_word' id='word_1_62' title='bbox 468 1164 631 1243; x_wconf 88' lang='lat' dir='ltr'><strong>spectare,</strong></span> <span class='ocrx_word' id='word_1_63' title='bbox 661 1179 743 1243; x_wconf 81' lang='lat' dir='ltr'><strong>quae</strong></span> <span class='ocrx_word' id='word_1_64' title='bbox 766 1154 805 1218; x_wconf 92' lang='lat' dir='ltr'><strong>de</strong></span> <span class='ocrx_word' id='word_1_65' title='bbox 826 1153 1008 1218; x_wconf 69' lang='lat' dir='ltr'><strong>Aeolieoi</strong></span> <span class='ocrx_word' id='word_1_66' title='bbox 1038 1153 1074 1218; x_wconf 95' lang='lat' dir='ltr'><strong>in</strong></span> <span class='ocrx_word' id='word_1_67' title='bbox 1094 1154 1243 1248; x_wconf 84' lang='lat' dir='ltr'><strong>perfeeto</strong></span> <span class='ocrx_word' id='word_1_68' title='bbox 1264 1154 1311 1239; x_wconf 86' lang='lat' dir='ltr'><strong>eji-</strong></span> 
     </span>
     <span class='ocr_line' id='line_1_9' title="bbox 231 1254 1315 1337; baseline -0.005 -16"><span class='ocrx_word' id='word_1_69' title='bbox 231 1255 340 1322; x_wconf 89' lang='lat' dir='ltr'><strong>ciendi</strong></span> <span class='ocrx_word' id='word_1_70' title='bbox 368 1280 459 1320; x_wconf 90' lang='lat' dir='ltr'><strong>more</strong></span> <span class='ocrx_word' id='word_1_71' title='bbox 489 1255 712 1337; x_wconf 72' lang='lat' dir='ltr'><strong>traduntur-⁷).</strong></span> <span class='ocrx_word' id='word_1_72' title='bbox 758 1254 920 1319; x_wconf 84' lang='lat' dir='ltr'><strong>Nolumus</strong></span> <span class='ocrx_word' id='word_1_73' title='bbox 951 1264 1059 1321; x_wconf 82' lang='lat' dir='ltr'><strong>tamen</strong></span> <span class='ocrx_word' id='word_1_74' title='bbox 1088 1280 1160 1320; x_wconf 85' lang='lat' dir='ltr'><strong>eam</strong></span> <span class='ocrx_word' id='word_1_75' title='bbox 1190 1255 1234 1319; x_wconf 87' lang='lat' dir='ltr'><strong>oh</strong></span> <span class='ocrx_word' id='word_1_76' title='bbox 1255 1277 1315 1318; x_wconf 88' lang='lat' dir='ltr'><strong>cau·</strong></span> 
     </span>
     <span class='ocr_line' id='line_1_10' title="bbox 235 1355 1315 1444; baseline -0.005 -21"><span class='ocrx_word' id='word_1_77' title='bbox 235 1358 469 1432; x_wconf 72' lang='lat' dir='ltr'><strong>samu&#39;ttecua,</strong></span> <span class='ocrx_word' id='word_1_78' title='bbox 514 1356 600 1444; x_wconf 89' lang='lat' dir='ltr'><strong>quod</strong></span> <span class='ocrx_word' id='word_1_79' title='bbox 621 1367 752 1444; x_wconf 85' lang='lat' dir='ltr'><strong>propter</strong></span> <span class='ocrx_word' id='word_1_80' title='bbox 779 1356 1016 1444; x_wconf 73' lang='lat' dir='ltr'><strong>diphthongum</strong></span> <span class='ocrx_word' id='word_1_81' title='bbox 1038 1381 1055 1422; x_wconf 84' lang='lat' dir='ltr'><strong>a</strong></span> <span class='ocrx_word' id='word_1_82' title='bbox 1075 1355 1214 1422; x_wconf 91' lang='lat' dir='ltr'><strong>Boeotis</strong></span> <span class='ocrx_word' id='word_1_83' title='bbox 1238 1379 1315 1443; x_wconf 86' lang='lat' dir='ltr'><strong>repe-</strong></span> 
     </span>
     <span class='ocr_line' id='line_1_11' title="bbox 229 1451 1314 1545; baseline -0.006 -21"><span class='ocrx_word' id='word_1_84' title='bbox 229 1470 297 1524; x_wconf 89' lang='lat' dir='ltr'><strong>tere</strong></span> <span class='ocrx_word' id='word_1_85' title='bbox 320 1460 425 1522; x_wconf 90' lang='lat' dir='ltr'><strong>solent</strong></span> <span class='ocrx_word' id='word_1_86' title='bbox 448 1451 528 1542; x_wconf 85' lang='lat' dir='ltr'><strong>(vid.</strong></span> <span class='ocrx_word' id='word_1_87' title='bbox 550 1451 581 1542; x_wconf 82' lang='lat'><strong>§.</strong></span> <span class='ocrx_word' id='word_1_88' title='bbox 596 1458 649 1522; x_wconf 83' lang='lat'><strong>39.</strong></span> <span class='ocrx_word' id='word_1_89' title='bbox 672 1469 739 1522; x_wconf 89' lang='lat' dir='ltr'><strong>not.</strong></span> <span class='ocrx_word' id='word_1_90' title='bbox 760 1454 808 1543; x_wconf 81' lang='grc'><strong>4),</strong></span> <span class='ocrx_word' id='word_1_91' title='bbox 831 1456 884 1520; x_wconf 89' lang='lat' dir='ltr'><strong>his</strong></span> <span class='ocrx_word' id='word_1_92' title='bbox 906 1455 1103 1541; x_wconf 75' lang='lat' dir='ltr'><strong>abjudicare,</strong></span> <span class='ocrx_word' id='word_1_93' title='bbox 1127 1456 1314 1545; x_wconf 81' lang='lat' dir='ltr'><strong>quinetiam</strong></span> 
     </span>
     <span class='ocr_line' id='line_1_12' title="bbox 230 1556 1067 1643; baseline -0.006 -18"><span class='ocrx_word' id='word_1_94' title='bbox 230 1559 372 1624; x_wconf 78' lang='lat' dir='ltr'><strong>aoristus</strong></span> <span class='ocrx_word' id='word_1_95' title='bbox 394 1558 502 1621; x_wconf 77' lang='grc' dir='ltr'><strong><em>ἔθεικα</em></strong></span> <span class='ocrx_word' id='word_1_96' title='bbox 523 1563 540 1618; x_wconf 69' lang='lat' dir='ltr'><strong>i</strong></span> <span class='ocrx_word' id='word_1_97' title='bbox 560 1557 655 1620; x_wconf 90' lang='lat' dir='ltr'><strong>modo</strong></span> <span class='ocrx_word' id='word_1_98' title='bbox 679 1557 921 1639; x_wconf 60' lang='lat' dir='ltr'><strong>servat‚*modo</strong></span> <span class='ocrx_word' id='word_1_99' title='bbox 942 1556 1067 1643; x_wconf 87' lang='lat' dir='ltr'><strong>abjicit.</strong></span> 
     </span>
     <span class='ocr_line' id='line_1_13' title="bbox 316 1654 1311 1747; baseline -0.004 -23"><span class='ocrx_word' id='word_1_100' title='bbox 316 1660 367 1724; x_wconf 90' lang='lat' dir='ltr'><strong>De</strong></span> <span class='ocrx_word' id='word_1_101' title='bbox 399 1657 521 1745; x_wconf 81' lang='lat' dir='ltr'><strong>duplici</strong></span> <span class='ocrx_word' id='word_1_102' title='bbox 542 1662 576 1726; x_wconf 67' lang='grc' dir='ltr'><strong>’ἦ</strong></span> <span class='ocrx_word' id='word_1_103' title='bbox 602 1657 635 1722; x_wconf 89' lang='lat' dir='ltr'><strong>in</strong></span> <span class='ocrx_word' id='word_1_104' title='bbox 665 1657 798 1724; x_wconf 80' lang='lat' dir='ltr'><strong>Auristo</strong></span> <span class='ocrx_word' id='word_1_105' title='bbox 821 1655 848 1720; x_wconf 91' lang='lat' dir='ltr'><strong>l.</strong></span> <span class='ocrx_word' id='word_1_106' title='bbox 884 1681 943 1744; x_wconf 91' lang='lat' dir='ltr'><strong>pro</strong></span> <span class='ocrx_word' id='word_1_107' title='bbox 973 1658 1107 1747; x_wconf 85' lang='lat' dir='ltr'><strong>antiquo</strong></span> <span class='ocrx_word' id='word_1_108' title='bbox 1138 1654 1311 1746; x_wconf 67' lang='lat' dir='ltr'><strong>duplieiii,</strong></span> 
     </span>
     <span class='ocr_line' id='line_1_14' title="bbox 176 1757 1314 1849; baseline -0.004 -22"><span class='ocrx_word' id='word_1_109' title='bbox 176 1837 179 1841; x_wconf 41' lang='grc'><strong>,</strong></span> <span class='ocrx_word' id='word_1_110' title='bbox 231 1760 360 1849; x_wconf 68' lang='lat' dir='ltr'><strong>vulgari</strong></span> <span class='ocrx_word' id='word_1_111' title='bbox 382 1759 524 1847; x_wconf 84' lang='lat' dir='ltr'><strong>simplici</strong></span> <span class='ocrx_word' id='word_1_112' title='bbox 547 1757 567 1820; x_wconf 76' lang='lat' dir='ltr'><strong>o</strong></span> <span class='ocrx_word' id='word_1_113' title='bbox 585 1760 670 1848; x_wconf 88' lang='lat' dir='ltr'><strong>apud</strong></span> <span class='ocrx_word' id='word_1_114' title='bbox 685 1761 826 1836; x_wconf 79' lang='lat' dir='ltr'><strong>Boeotos</strong></span> <span class='ocrx_word' id='word_1_115' title='bbox 847 1758 969 1846; x_wconf 89' lang='lat' dir='ltr'><strong>posito,</strong></span> <span class='ocrx_word' id='word_1_116' title='bbox 992 1769 1027 1822; x_wconf 95' lang='lat' dir='ltr'><strong>ut</strong></span> <span class='ocrx_word' id='word_1_117' title='bbox 1043 1761 1249 1844; x_wconf 76' lang='grc' dir='ltr'><strong>ἐπιχαρίτται,</strong></span> <span class='ocrx_word' id='word_1_118' title='bbox 1269 1785 1314 1822; x_wconf 79' lang='lat' dir='ltr'><strong>aa·</strong></span> 
     </span>
     <span class='ocr_line' id='line_1_15' title="bbox 230 1856 1313 1947; baseline -0.004 -21"><span class='ocrx_word' id='word_1_119' title='bbox 230 1858 435 1944; x_wconf 78' lang='grc' dir='ltr'><strong>τασκευᾶττη,</strong></span> <span class='ocrx_word' id='word_1_120' title='bbox 458 1861 599 1926; x_wconf 86' lang='lat' dir='ltr'><strong>vidimus</strong></span> <span class='ocrx_word' id='word_1_121' title='bbox 622 1856 652 1947; x_wconf 65' lang='grc' dir='ltr'><strong>ξ.</strong></span> <span class='ocrx_word' id='word_1_122' title='bbox 676 1862 728 1938; x_wconf 89' lang='grc'><strong>37,</strong></span> <span class='ocrx_word' id='word_1_123' title='bbox 752 1863 783 1927; x_wconf 87' lang='grc'><strong>3.</strong></span> <span class='ocrx_word' id='word_1_124' title='bbox 812 1899 853 1912; x_wconf 89' lang='grc'>-</span> <span class='ocrx_word' id='word_1_125' title='bbox 896 1859 998 1924; x_wconf 85' lang='lat' dir='ltr'><strong>Recte</strong></span> <span class='ocrx_word' id='word_1_126' title='bbox 1017 1856 1052 1921; x_wconf 94' lang='lat' dir='ltr'><strong>in</strong></span> <span class='ocrx_word' id='word_1_127' title='bbox 1073 1883 1124 1926; x_wconf 88' lang='lat' dir='ltr'><strong>nr.</strong></span> <span class='ocrx_word' id='word_1_128' title='bbox 1152 1860 1237 1926; x_wconf 94' lang='grc'><strong>1588</strong></span> <span class='ocrx_word' id='word_1_129' title='bbox 1256 1861 1313 1946; x_wconf 73' lang='lat' dir='ltr'><strong>pln-</strong></span> 
     </span>
     <span class='ocr_line' id='line_1_16' title="bbox 231 1958 1314 2051; baseline -0.005 -22"><span class='ocrx_word' id='word_1_130' title='bbox 231 1963 387 2030; x_wconf 81' lang='lat' dir='ltr'><strong>rimorum</strong></span> <span class='ocrx_word' id='word_1_131' title='bbox 423 1963 679 2051; x_wconf 74' lang='lat' dir='ltr'><strong>apographorum</strong></span> <span class='ocrx_word' id='word_1_132' title='bbox 715 1959 888 2026; x_wconf 88' lang='lat' dir='ltr'><strong>lectionem</strong></span> <span class='ocrx_word' id='word_1_133' title='bbox 924 1958 1106 2034; x_wconf 72' lang='grc' dir='ltr'><strong><em>νικάξαντος</em></strong></span> <span class='ocrx_word' id='word_1_134' title='bbox 1137 1960 1314 2050; x_wconf 72' lang='lat' dir='ltr'><strong>Boeelrlaius</strong></span> 
     </span>
     <span class='ocr_line' id='line_1_17' title="bbox 232 2058 1314 2150; baseline -0.006 -20"><span class='ocrx_word' id='word_1_135' title='bbox 232 2059 471 2134; x_wconf 63' lang='lat' dir='ltr'><strong>minusvv&#39;eram</strong></span> <span class='ocrx_word' id='word_1_136' title='bbox 488 2065 656 2150; x_wconf 84' lang='lat' dir='ltr'><strong>judicasse</strong></span> <span class='ocrx_word' id='word_1_137' title='bbox 679 2073 773 2128; x_wconf 85' lang='lat' dir='ltr'><strong>etex</strong></span> <span class='ocrx_word' id='word_1_138' title='bbox 795 2085 861 2128; x_wconf 92' lang='lat' dir='ltr'><strong>uno</strong></span> <span class='ocrx_word' id='word_1_139' title='bbox 882 2059 1063 2124; x_wconf 81' lang='lat' dir='ltr'><strong>restituisse</strong></span> <span class='ocrx_word' id='word_1_140' title='bbox 1083 2058 1219 2127; x_wconf 87' lang='lat' dir='ltr'><strong>videtur</strong></span> <span class='ocrx_word' id='word_1_141' title='bbox 1240 2060 1314 2125; x_wconf 73' lang='lat' dir='ltr'><strong>acaci-</strong></span> 
     </span>
     <span class='ocr_line' id='line_1_18' title="bbox 231 2160 1311 2251; baseline -0.004 -21"><span class='ocrx_word' id='word_1_142' title='bbox 231 2173 359 2244; x_wconf 70' lang='lat' dir='ltr'><strong>pmvrac,</strong></span> <span class='ocrx_word' id='word_1_143' title='bbox 382 2173 483 2251; x_wconf 71' lang='lat' dir='ltr'><strong>¹qum</strong></span> <span class='ocrx_word' id='word_1_144' title='bbox 513 2164 599 2228; x_wconf 90' lang='lat' dir='ltr'><strong>idem</strong></span> <span class='ocrx_word' id='word_1_145' title='bbox 630 2164 756 2249; x_wconf 74' lang='lat' dir='ltr'><strong>legatur</strong></span> <span class='ocrx_word' id='word_1_146' title='bbox 786 2161 878 2230; x_wconf 88' lang='grc'><strong>1579.</strong></span> <span class='ocrx_word' id='word_1_147' title='bbox 911 2160 1012 2244; x_wconf 87' lang='grc'><strong>1580,</strong></span> <span class='ocrx_word' id='word_1_148' title='bbox 1046 2161 1202 2227; x_wconf 75' lang='grc' dir='ltr'><strong><em>ἐνίκωσαν</em></strong></span> <span class='ocrx_word' id='word_1_149' title='bbox 1235 2163 1311 2244; x_wconf 85' lang='grc'><strong>1583,</strong></span> 
     </span>
     <span class='ocr_line' id='line_1_19' title="bbox 231 2261 1313 2354; baseline -0.004 -25"><span class='ocrx_word' id='word_1_150' title='bbox 231 2269 338 2329; x_wconf 74' lang='grc' dir='ltr'><strong><em>νίκασε</em></strong></span> <span class='ocrx_word' id='word_1_151' title='bbox 361 2263 436 2328; x_wconf 85' lang='lat' dir='ltr'><strong>Cor.</strong></span> <span class='ocrx_word' id='word_1_152' title='bbox 458 2265 541 2327; x_wconf 57' lang='lat' dir='ltr'><strong>da-</strong></span> <span class='ocrx_word' id='word_1_153' title='bbox 584 2264 697 2347; x_wconf 88' lang='lat' dir='ltr'><strong>Latet,</strong></span> <span class='ocrx_word' id='word_1_154' title='bbox 721 2288 786 2352; x_wconf 91' lang='lat' dir='ltr'><strong>quo</strong></span> <span class='ocrx_word' id='word_1_155' title='bbox 803 2265 880 2349; x_wconf 88' lang='lat' dir='ltr'><strong>jure</strong></span> <span class='ocrx_word' id='word_1_156' title='bbox 903 2271 1011 2326; x_wconf 89' lang='lat' dir='ltr'><strong>utatur</strong></span> <span class='ocrx_word' id='word_1_157' title='bbox 1031 2261 1198 2351; x_wconf 78' lang='lat' dir='ltr'><strong>Hesychii</strong></span> <span class='ocrx_word' id='word_1_158' title='bbox 1221 2265 1313 2354; x_wconf 74' lang='lat' dir='ltr'><strong>glossa</strong></span> 
     </span>
     <span class='ocr_line' id='line_1_20' title="bbox 235 2361 1344 2451; baseline 0.001 -23"><span class='ocrx_word' id='word_1_159' title='bbox 235 2369 328 2448; x_wconf 82' lang='grc' dir='ltr'><strong>σεῦα,</strong></span> <span class='ocrx_word' id='word_1_160' title='bbox 352 2365 477 2440; x_wconf 77' lang='grc' dir='ltr'><strong><em>ἐδίωξα·</em></strong></span> <span class='ocrx_word' id='word_1_161' title='bbox 503 2366 657 2448; x_wconf 77' lang='grc' dir='ltr'><strong>Βοιωτοί,</strong></span> <span class='ocrx_word' id='word_1_162' title='bbox 689 2387 772 2451; x_wconf 88' lang='lat' dir='ltr'><strong>quae</strong></span> <span class='ocrx_word' id='word_1_163' title='bbox 793 2361 877 2431; x_wconf 79' lang='lat' dir='ltr'><strong>male</strong></span> <span class='ocrx_word' id='word_1_164' title='bbox 898 2362 984 2428; x_wconf 92' lang='lat' dir='ltr'><strong>inter</strong></span> <span class='ocrx_word' id='word_1_165' title='bbox 1006 2363 1097 2427; x_wconf 78' lang='grc' dir='ltr'><em>σέθεν</em></span> <span class='ocrx_word' id='word_1_166' title='bbox 1118 2375 1154 2430; x_wconf 89' lang='lat' dir='ltr'><strong>et</strong></span> <span class='ocrx_word' id='word_1_167' title='bbox 1177 2368 1243 2430; x_wconf 76' lang='lat' dir='ltr'><strong>ocia</strong></span> <span class='ocrx_word' id='word_1_168' title='bbox 1262 2364 1312 2430; x_wconf 92' lang='lat' dir='ltr'><strong>eol·</strong></span> <span class='ocrx_word' id='word_1_169' title='bbox 1343 2393 1344 2405; x_wconf 53' lang='lat'>¹</span> 
     </span>
     <span class='ocr_line' id='line_1_21' title="bbox 233 2468 1343 2533; baseline -0.004 -1"><span class='ocrx_word' id='word_1_170' title='bbox 233 2468 337 2533; x_wconf 84' lang='lat' dir='ltr'><strong>locata</strong></span> <span class='ocrx_word' id='word_1_171' title='bbox 357 2476 418 2532; x_wconf 88' lang='lat' dir='ltr'><strong>est.</strong></span> <span class='ocrx_word' id='word_1_172' title='bbox 953 2486 955 2490; x_wconf 84' lang='grc'><strong>’</strong></span> <span class='ocrx_word' id='word_1_173' title='bbox 1342 2475 1343 2491; x_wconf 71' lang='grc'>’</span> 
     </span>
    </p>
   </div>
   <div class='ocr_carea' id='block_1_3' title="bbox 721 2697 835 2792">
    <p class='ocr_par' dir='ltr' id='par_1_3' title="bbox 721 2697 835 2792">
     <span class='ocr_line' id='line_1_22' title="bbox 721 2697 835 2792; baseline -0.035 -21"><span class='ocrx_word' id='word_1_174' title='bbox 721 2697 751 2792; x_wconf 68' lang='grc' dir='ltr'><strong>ς.</strong></span> <span class='ocrx_word' id='word_1_175' title='bbox 781 2702 835 2770; x_wconf 80' lang='lat'><strong>47.</strong></span> 
     </span>
    </p>
   </div>
   <div class='ocr_carea' id='block_1_4' title="bbox 180 2809 1339 3874">
    <p class='ocr_par' dir='ltr' id='par_1_4' title="bbox 180 2809 1339 3874">
     <span class='ocr_line' id='line_1_23' title="bbox 1338 2809 1339 2841; baseline 0 0"><span class='ocrx_word' id='word_1_176' title='bbox 1338 2809 1339 2841; x_wconf 87' lang='lat' dir='ltr'><strong>l</strong></span> 
     </span>
     <span class='ocr_line' id='line_1_24' title="bbox 1337 2879 1338 2929; baseline 0 0"><span class='ocrx_word' id='word_1_177' title='bbox 1337 2879 1338 2929; x_wconf 84' lang='lat' dir='ltr'><strong>l</strong></span> 
     </span>
     <span class='ocr_line' id='line_1_25' title="bbox 321 2974 1309 3068; baseline 0 -24"><span class='ocrx_word' id='word_1_178' title='bbox 321 2978 354 3058; x_wconf 91' lang='grc'><strong>1)</strong></span> <span class='ocrx_word' id='word_1_179' title='bbox 386 2978 565 3067; x_wconf 80' lang='lat' dir='ltr'><strong>Apoeopen</strong></span> <span class='ocrx_word' id='word_1_180' title='bbox 587 3002 713 3067; x_wconf 85' lang='lat' dir='ltr'><strong>semper</strong></span> <span class='ocrx_word' id='word_1_181' title='bbox 738 2978 859 3068; x_wconf 85' lang='lat' dir='ltr'><strong>patitur</strong></span> <span class='ocrx_word' id='word_1_182' title='bbox 878 2974 982 3062; x_wconf 75' lang='grc' dir='ltr'><strong>παρὰ,</strong></span> <span class='ocrx_word' id='word_1_183' title='bbox 1020 2987 1057 3041; x_wconf 91' lang='lat' dir='ltr'><strong>ut</strong></span> <span class='ocrx_word' id='word_1_184' title='bbox 1076 3001 1143 3063; x_wconf 85' lang='grc' dir='ltr'><strong>παρ</strong></span> <span class='ocrx_word' id='word_1_185' title='bbox 1173 2977 1211 3045; x_wconf 77' lang='lat' dir='ltr'><strong>td</strong></span> <span class='ocrx_word' id='word_1_186' title='bbox 1236 2980 1309 3050; x_wconf 78' lang='lat'>1568,</span> 
     </span>
     <span class='ocr_line' id='line_1_26' title="bbox 233 3077 1311 3164; baseline -0.005 -18"><span class='ocrx_word' id='word_1_187' title='bbox 233 3085 297 3162; x_wconf 71' lang='grc' dir='ltr'><strong>πᾶρ</strong></span> <span class='ocrx_word' id='word_1_188' title='bbox 320 3077 392 3160; x_wconf 78' lang='grc' dir='ltr'><strong>τᾶν,</strong></span> <span class='ocrx_word' id='word_1_189' title='bbox 414 3078 477 3163; x_wconf 78' lang='grc' dir='ltr'><strong>πὰρ</strong></span> <span class='ocrx_word' id='word_1_190' title='bbox 499 3078 573 3156; x_wconf 78' lang='grc' dir='ltr'><strong>τᾶν,</strong></span> <span class='ocrx_word' id='word_1_191' title='bbox 604 3104 667 3159; x_wconf 83' lang='grc' dir='ltr'><strong>παρ</strong></span> <span class='ocrx_word' id='word_1_192' title='bbox 692 3085 765 3164; x_wconf 79' lang='grc' dir='ltr'><strong>τᾶς,</strong></span> <span class='ocrx_word' id='word_1_193' title='bbox 789 3077 852 3160; x_wconf 77' lang='grc' dir='ltr'><strong>πὰρ</strong></span> <span class='ocrx_word' id='word_1_194' title='bbox 873 3077 1036 3162; x_wconf 79' lang='grc' dir='ltr'><strong><em>Σώφιλον,</em></strong></span> <span class='ocrx_word' id='word_1_195' title='bbox 1058 3103 1122 3162; x_wconf 86' lang='grc' dir='ltr'><strong>παρ</strong></span> <span class='ocrx_word' id='word_1_196' title='bbox 1146 3081 1311 3146; x_wconf 76' lang='grc' dir='ltr'><strong>Διωνύσιοι</strong></span> 
     </span>
     <span class='ocr_line' id='line_1_27' title="bbox 199 3179 1310 3272; baseline 0 -26"><span class='ocrx_word' id='word_1_197' title='bbox 199 3241 204 3246; x_wconf 90' lang='grc'><strong>,</strong></span> <span class='ocrx_word' id='word_1_198' title='bbox 236 3181 338 3262; x_wconf 91' lang='grc'><strong>1569,</strong></span> <span class='ocrx_word' id='word_1_199' title='bbox 359 3205 396 3265; x_wconf 75' lang='lat' dir='ltr'><strong>a3</strong></span> <span class='ocrx_word' id='word_1_200' title='bbox 421 3179 497 3257; x_wconf 79' lang='grc' dir='ltr'><strong>ἀνὰ,</strong></span> <span class='ocrx_word' id='word_1_201' title='bbox 520 3204 603 3272; x_wconf 85' lang='lat' dir='ltr'><strong>qnae</strong></span> <span class='ocrx_word' id='word_1_202' title='bbox 624 3180 735 3246; x_wconf 89' lang='lat' dir='ltr'><strong>eadem</strong></span> <span class='ocrx_word' id='word_1_203' title='bbox 757 3181 880 3272; x_wconf 87' lang='lat' dir='ltr'><strong>ratione</strong></span> <span class='ocrx_word' id='word_1_204' title='bbox 901 3189 1063 3261; x_wconf 81' lang='lat' dir='ltr'><strong>uteretur,</strong></span> <span class='ocrx_word' id='word_1_205' title='bbox 1086 3203 1167 3246; x_wconf 75' lang='lat' dir='ltr'><strong>casn</strong></span> <span class='ocrx_word' id='word_1_206' title='bbox 1188 3207 1258 3249; x_wconf 92' lang='lat' dir='ltr'><strong>non</strong></span> <span class='ocrx_word' id='word_1_207' title='bbox 1275 3206 1310 3246; x_wconf 79' lang='lat' dir='ltr'><strong>re</strong></span> 
     </span>
     <span class='ocr_line' id='line_1_28' title="bbox 232 3279 1310 3370; baseline -0.002 -24"><span class='ocrx_word' id='word_1_208' title='bbox 232 3282 359 3370; x_wconf 85' lang='lat' dir='ltr'><strong>peritur</strong></span> <span class='ocrx_word' id='word_1_209' title='bbox 379 3291 453 3346; x_wconf 90' lang='lat' dir='ltr'><strong>ante</strong></span> <span class='ocrx_word' id='word_1_210' title='bbox 474 3293 699 3347; x_wconf 81' lang='lat' dir='ltr'><strong>consonantes.</strong></span> <span class='ocrx_word' id='word_1_211' title='bbox 722 3317 763 3332; x_wconf 90' lang='lat'>-</span> <span class='ocrx_word' id='word_1_212' title='bbox 812 3279 903 3344; x_wconf 80' lang='grc' dir='ltr'><strong><em>Κατὰ</em></strong></span> <span class='ocrx_word' id='word_1_213' title='bbox 924 3301 1088 3368; x_wconf 85' lang='lat' dir='ltr'><strong>apocopen</strong></span> <span class='ocrx_word' id='word_1_214' title='bbox 1109 3283 1235 3369; x_wconf 84' lang='lat' dir='ltr'><strong>patitur</strong></span> <span class='ocrx_word' id='word_1_215' title='bbox 1254 3293 1310 3348; x_wconf 74' lang='lat' dir='ltr'><strong>anu</strong></span> 
     </span>
     <span class='ocr_line' id='line_1_29' title="bbox 235 3366 1327 3467; baseline 0 -22"><span class='ocrx_word' id='word_1_216' title='bbox 235 3380 407 3446; x_wconf 84' lang='lat' dir='ltr'><strong>articulum</strong></span> <span class='ocrx_word' id='word_1_217' title='bbox 430 3382 556 3458; x_wconf 81' lang='grc' dir='ltr'><strong>καττὸν,</strong></span> <span class='ocrx_word' id='word_1_218' title='bbox 596 3381 706 3466; x_wconf 74' lang='grc' dir='ltr'><strong>καττὰ,</strong></span> <span class='ocrx_word' id='word_1_219' title='bbox 745 3380 856 3446; x_wconf 77' lang='lat' dir='ltr'><strong>cando</strong></span> <span class='ocrx_word' id='word_1_220' title='bbox 879 3381 1019 3462; x_wconf 79' lang='lat' dir='ltr'><strong>1569‚a</strong></span> <span class='ocrx_word' id='word_1_221' title='bbox 1048 3371 1081 3444; x_wconf 87' lang='lat' dir='ltr'><strong>et</strong></span> <span class='ocrx_word' id='word_1_222' title='bbox 1103 3383 1209 3467; x_wconf 83' lang='lat'>1593,</span> <span class='ocrx_word' id='word_1_223' title='bbox 1248 3366 1327 3448; x_wconf 82' lang='lat' dir='ltr'><strong>adeo¹</strong></span> 
     </span>
     <span class='ocr_line' id='line_1_30' title="bbox 236 3480 1309 3574; baseline -0.001 -29"><span class='ocrx_word' id='word_1_224' title='bbox 236 3485 350 3566; x_wconf 76' lang='lat' dir='ltr'><strong>uuyyoiv</strong></span> <span class='ocrx_word' id='word_1_225' title='bbox 378 3493 410 3547; x_wconf 88' lang='lat' dir='ltr'><strong>et</strong></span> <span class='ocrx_word' id='word_1_226' title='bbox 440 3483 651 3548; x_wconf 74' lang='grc' dir='ltr'><strong><em>κατθάλατταν</em></strong></span> <span class='ocrx_word' id='word_1_227' title='bbox 675 3485 793 3550; x_wconf 68' lang='grc'><strong>15650</strong></span> <span class='ocrx_word' id='word_1_228' title='bbox 822 3493 908 3547; x_wconf 85' lang='lat' dir='ltr'><strong>certa</strong></span> <span class='ocrx_word' id='word_1_229' title='bbox 937 3480 1176 3559; x_wconf 81' lang='lat' dir='ltr'><strong>emendatione,</strong></span> <span class='ocrx_word' id='word_1_230' title='bbox 1227 3507 1309 3574; x_wconf 83' lang='lat' dir='ltr'><strong>quen</strong></span> 
     </span>
     <span class='ocr_line' id='line_1_31' title="bbox 236 3582 1307 3672; baseline -0.003 -26"><span class='ocrx_word' id='word_1_231' title='bbox 236 3607 333 3672; x_wconf 82' lang='lat' dir='ltr'><strong>quam</strong></span> <span class='ocrx_word' id='word_1_232' title='bbox 366 3583 444 3647; x_wconf 82' lang='grc' dir='ltr'><strong><em>κατὰ</em></strong></span> <span class='ocrx_word' id='word_1_233' title='bbox 474 3589 530 3668; x_wconf 72' lang='grc' dir='ltr'><strong>γᾶν</strong></span> <span class='ocrx_word' id='word_1_234' title='bbox 563 3599 595 3651; x_wconf 91' lang='lat' dir='ltr'><strong>et</strong></span> <span class='ocrx_word' id='word_1_235' title='bbox 629 3583 706 3650; x_wconf 77' lang='grc' dir='ltr'>κατὰ</span> <span class='ocrx_word' id='word_1_236' title='bbox 738 3583 892 3648; x_wconf 81' lang='grc' dir='ltr'><strong><em>θάλατταν</em></strong></span> <span class='ocrx_word' id='word_1_237' title='bbox 913 3582 1077 3670; x_wconf 72' lang='lat' dir='ltr'><strong>&#39;leguntur</strong></span> <span class='ocrx_word' id='word_1_238' title='bbox 1105 3583 1210 3662; x_wconf 84' lang='grc'><strong>1563,</strong></span> <span class='ocrx_word' id='word_1_239' title='bbox 1235 3611 1262 3649; x_wconf 85' lang='lat' dir='ltr'><strong>a.</strong></span> <span class='ocrx_word' id='word_1_240' title='bbox 1287 3584 1307 3646; x_wconf 90' lang='lat' dir='ltr'><strong>l.</strong></span> 
     </span>
     <span class='ocr_line' id='line_1_32' title="bbox 199 3683 1308 3767; baseline -0.003 -16"><span class='ocrx_word' id='word_1_241' title='bbox 199 3733 202 3740; x_wconf 86' lang='lat'>-</span> <span class='ocrx_word' id='word_1_242' title='bbox 237 3683 338 3766; x_wconf 84' lang='grc'><strong>1564,</strong></span> <span class='ocrx_word' id='word_1_243' title='bbox 361 3683 439 3747; x_wconf 74' lang='grc' dir='ltr'><strong>κατὰ</strong></span> <span class='ocrx_word' id='word_1_244' title='bbox 460 3688 547 3766; x_wconf 79' lang='grc' dir='ltr'><em>μεῖνα</em></span> <span class='ocrx_word' id='word_1_245' title='bbox 568 3699 600 3752; x_wconf 90' lang='lat' dir='ltr'><strong>et</strong></span> <span class='ocrx_word' id='word_1_246' title='bbox 621 3686 793 3750; x_wconf 78' lang='grc' dir='ltr'><strong><em>κατάλυπον</em></strong></span> <span class='ocrx_word' id='word_1_247' title='bbox 817 3685 916 3766; x_wconf 88' lang='grc'><strong>1569,</strong></span> <span class='ocrx_word' id='word_1_248' title='bbox 938 3707 968 3748; x_wconf 82' lang='lat' dir='ltr'><strong>a.</strong></span> <span class='ocrx_word' id='word_1_249' title='bbox 987 3683 1070 3767; x_wconf 88' lang='lat' dir='ltr'><strong>lll.‚</strong></span> <span class='ocrx_word' id='word_1_250' title='bbox 1093 3685 1308 3758; x_wconf 71' lang='lat' dir='ltr'><strong>carcoxevdru</strong></span> 
     </span>
     <span class='ocr_line' id='line_1_33' title="bbox 180 3783 1308 3874; baseline 0.004 -28"><span class='ocrx_word' id='word_1_251' title='bbox 180 3831 185 3846; x_wconf 71' lang='grc'>.</span> <span class='ocrx_word' id='word_1_252' title='bbox 236 3784 330 3851; x_wconf 88' lang='grc'><strong>1568.</strong></span> <span class='ocrx_word' id='word_1_253' title='bbox 353 3823 394 3836; x_wconf 88' lang='grc'>-</span> <span class='ocrx_word' id='word_1_254' title='bbox 437 3787 503 3852; x_wconf 89' lang='lat' dir='ltr'><strong>Pro</strong></span> <span class='ocrx_word' id='word_1_255' title='bbox 523 3786 602 3874; x_wconf 80' lang='grc' dir='ltr'><strong>πρὸς</strong></span> <span class='ocrx_word' id='word_1_256' title='bbox 624 3787 738 3853; x_wconf 90' lang='lat' dir='ltr'><strong>Boeoti</strong></span> <span class='ocrx_word' id='word_1_257' title='bbox 760 3785 881 3852; x_wconf 72' lang='lat' dir='ltr'><strong>liabent</strong></span> <span class='ocrx_word' id='word_1_258' title='bbox 900 3789 970 3851; x_wconf 80' lang='lat' dir='ltr'><strong>nori</strong></span> <span class='ocrx_word' id='word_1_259' title='bbox 990 3809 1065 3850; x_wconf 93' lang='lat' dir='ltr'><strong>cum</strong></span> <span class='ocrx_word' id='word_1_260' title='bbox 1085 3783 1308 3864; x_wconf 78' lang='lat' dir='ltr'><strong>Doriensihus,</strong></span> 
     </span>
    </p>
   </div>
   <div class='ocr_carea' id='block_1_5' title="bbox 563 2841 995 2905">
    <p class='ocr_par' dir='ltr' id='par_1_5' title="bbox 563 2841 995 2905">
     <span class='ocr_line' id='line_1_34' title="bbox 563 2841 995 2905; baseline 0.005 -15"><span class='ocrx_word' id='word_1_261' title='bbox 563 2841 625 2892; x_wconf 76' lang='lat' dir='ltr'><strong>ne</strong></span> <span class='ocrx_word' id='word_1_262' title='bbox 648 2842 995 2905; x_wconf 75' lang='lat' dir='ltr'><strong>praepositionibus·</strong></span> 
     </span>
    </p>
   </div>
   <div class='ocr_carea' id='block_1_6' title="bbox 231 4021 1307 4286">
    <p class='ocr_par' dir='ltr' id='par_1_6' title="bbox 231 4021 1307 4286">
     <span class='ocr_line' id='line_1_35' title="bbox 238 4021 1303 4128; baseline 0 -28"><span class='ocrx_word' id='word_1_263' title='bbox 238 4048 292 4128; x_wconf 65' lang='lat' dir='ltr'><strong>J)</strong></span> <span class='ocrx_word' id='word_1_264' title='bbox 327 4043 413 4111; x_wconf 84' lang='lat' dir='ltr'><strong>Grcg.</strong></span> <span class='ocrx_word' id='word_1_265' title='bbox 432 4045 561 4100; x_wconf 78' lang='lat' dir='ltr'><strong>Gor.581</strong></span> <span class='ocrx_word' id='word_1_266' title='bbox 582 4043 617 4098; x_wconf 90' lang='lat' dir='ltr'><strong>de</strong></span> <span class='ocrx_word' id='word_1_267' title='bbox 635 4043 753 4103; x_wconf 86' lang='lat' dir='ltr'><strong>dialecto</strong></span> <span class='ocrx_word' id='word_1_268' title='bbox 770 4048 901 4104; x_wconf 79' lang='lat' dir='ltr'><strong>Aeolica:</strong></span> <span class='ocrx_word' id='word_1_269' title='bbox 929 4045 993 4102; x_wconf 63' lang='lat'><strong>20⁸3</strong></span> <span class='ocrx_word' id='word_1_270' title='bbox 1010 4021 1189 4115; x_wconf 59' lang='lat' dir='ltr'><strong>tritemius</strong></span> <span class='ocrx_word' id='word_1_271' title='bbox 1211 4045 1265 4102; x_wconf 72' lang='lat' dir='ltr'><strong>sair</strong></span> <span class='ocrx_word' id='word_1_272' title='bbox 1278 4039 1303 4100; x_wconf 67' lang='grc' dir='ltr'><strong>εἰς</strong></span> 
     </span>
     <span class='ocr_line' id='line_1_36' title="bbox 231 4128 1307 4202; baseline 0.004 -20"><span class='ocrx_word' id='word_1_273' title='bbox 231 4146 283 4182; x_wconf 68' lang='lat' dir='ltr'><strong>sose</strong></span> <span class='ocrx_word' id='word_1_274' title='bbox 298 4129 433 4200; x_wconf 69' lang='grc' dir='ltr'><strong>ληγόντων</strong></span> <span class='ocrx_word' id='word_1_275' title='bbox 449 4128 582 4199; x_wconf 70' lang='grc' dir='ltr'><strong>μετοχῶν,</strong></span> <span class='ocrx_word' id='word_1_276' title='bbox 600 4130 741 4200; x_wconf 65' lang='lat' dir='ltr'><strong>usucapie-</strong></span> <span class='ocrx_word' id='word_1_277' title='bbox 751 4141 797 4188; x_wconf 75' lang='grc' dir='ltr'><strong>καὶ</strong></span> <span class='ocrx_word' id='word_1_278' title='bbox 812 4133 935 4202; x_wconf 62' lang='lat' dir='ltr'><strong>redundo</strong></span> <span class='ocrx_word' id='word_1_279' title='bbox 951 4140 995 4190; x_wconf 76' lang='grc' dir='ltr'><strong>καὶ</strong></span> <span class='ocrx_word' id='word_1_280' title='bbox 1012 4130 1124 4200; x_wconf 72' lang='grc' dir='ltr'><strong><em>τιτιηῶς</em></strong></span> <span class='ocrx_word' id='word_1_281' title='bbox 1141 4140 1189 4190; x_wconf 75' lang='lat' dir='ltr'><strong>uel</strong></span> <span class='ocrx_word' id='word_1_282' title='bbox 1207 4151 1307 4196; x_wconf 66' lang='lat' dir='ltr'><strong>acume-</strong></span> 
     </span>
     <span class='ocr_line' id='line_1_37' title="bbox 233 4219 699 4286; baseline 0.006 -19"><span class='ocrx_word' id='word_1_283' title='bbox 233 4219 340 4269; x_wconf 76' lang='grc' dir='ltr'><strong>υἷα-καὶ</strong></span> <span class='ocrx_word' id='word_1_284' title='bbox 357 4219 491 4282; x_wconf 67' lang='lat' dir='ltr'><strong>codenola</strong></span> <span class='ocrx_word' id='word_1_285' title='bbox 508 4221 699 4286; x_wconf 61' lang='lat' dir='ltr'><strong>retrectantes.</strong></span> 
     </span>
    </p>
   </div>
   <div class='ocr_carea' id='block_1_7' title="bbox 0 0 1360 4820">
    <p class='ocr_par' dir='ltr' id='par_1_7' title="bbox 0 0 1360 4820">
     <span class='ocr_line' id='line_1_38' title="bbox 0 0 1360 4820; baseline 0 0"><span class='ocrx_word' id='word_1_286' title='bbox 0 0 1360 4820; x_wconf 95' lang='lat' dir='ltr'><strong> </strong></span> 
     </span>
    </p>
   </div>
  </div>
 </body>
</html>
