2712 4820
219 303 293 382 174
536 303 592 379 Do
618 297 769 378 dialecto
794 255 996 374 boeotiae

191 535 192 539 ¹
217 503 390 596 vestigium
419 514 560 593 apparet.
624 501 707 570 Nam
735 501 823 590 quod
852 526 871 570 a
899 499 1063 568 Bocclsbio
1093 523 1133 567 eo
1160 501 1296 572 refertur

219 609 345 674 ἇνίθιαν
365 631 423 696 pro
447 604 597 670 ἀνέθεσαν
619 629 670 670 nr.
686 603 780 684 1588,
795 603 898 670 ,aliam
919 601 1167 692 explicationem
1187 604 1288 668 babet.

216 710 282 778 vid.
313 704 343 796 ξ.
374 708 433 786 46,
456 708 488 771 4.
554 705 716 771 Prisciani
747 728 835 770 error
865 704 942 769 inde
973 713 1065 767 natus¹
1096 713 1165 788 est,
1207 705 1291 795 quod

217 822 343 902 practer
363 808 570 873 Doriensium
597 806 775 873 nonnullos
796 805 892 869 etiam
914 803 1051 892 Oropii,
1081 805 1137 893 qui
1158 829 1218 894 per
1237 809 1292 872 ili.

217 911 304 1002 quod
324 920 450 998 tempus
471 909 605 975 Boeotis
625 906 940 987 adnnrneaabantnr,
960 929 1140 995 quanquam
1160 908 1216 974 vix
1236 933 1290 974 un.

216 1037 312 1102 quam
333 1010 484 1076 Bocotica
505 1010 640 1075 dialecto
663 1008 718 1073 nsi'
736 1017 833 1086 sunt,
858 1005 1005 1094 spiritum
1028 1029 1178 1093 asperum
1198 1009 1293 1097 proi

215 1113 299 1180 inter
319 1113 446 1182 vocales
467 1111 683 1178 assumebant.
705 1109 771 1176 vid.
794 1108 850 1174 Et.
872 1107 921 1174 M.
943 1107 1023 1188 391,
1047 1109 1098 1174 12.
1128 1110 1171 1174 cf.
1195 1109 1292 1178 Giesc

214 1241 235 1306 P
298 1318 339 1397 4)
367 1343 384 1379 ν
412 1316 513 1395 ἐφεία.
542 1313 578 1377 in
610 1311 716 1377 titulis
737 1307 838 1401 vulgo
859 1329 900 1377 ne
921 1322 994 1376 ante
1015 1313 1141 1378 vocales
1164 1313 1292 1401 quidem

214 1418 369 1506 scriptum
389 1415 565 1504 reperitur,
588 1423 624 1478 ut
643 1437 693 1478 nr.
719 1413 812 1498 1563,
835 1412 857 1475 b
879 1411 1067 1496 ἐπιψάφιδδε
1081 1411 1290 1502 Ὀρσίμαχος,

217 1519 317 1596 1569,
341 1541 370 1582 a.
391 1516 435 1580 ll.
460 1515 596 1578 ἀπέδωκε
616 1511 758 1596 Εὐβώλυ.
822 1512 983 1601 Scriptum
1011 1515 1114 1579 estin
1135 1517 1233 1582 unico
1254 1520 1291 1583 ti·

215 1621 283 1685 tulo
305 1616 486 1705 antiquiore
507 1615 685 1680 Tbisbensi
708 1615 808 1692 1592,
830 1614 865 1678 in
888 1638 952 1701 qno
975 1612 1125 1691 ἀνέθηκεν
1145 1616 1287 1700 Ἀθάνα·

214 1743 288 1782 nam
316 1717 444 1781 ἱππάσιν
471 1741 522 1782 nr.
554 1715 635 1810 1588
663 1739 731 1780 ιιοιι
763 1726 849 1782 recte
879 1715 946 1803 legi
968 1715 1153 1784 docebimus
1183 1721 1215 1802 ἓ.
1239 1722 1289 1786 44.

214 1833 281 1885 not.
310 1820 341 1884 5.

251 1995 259 2018 .
299 1919 331 2000 5)
354 1917 451 2002 Quod
464 1919 583 2007 {apud
603 1917 743 1983 Boeotos
764 1917 797 1982 in
813 1915 984 1997 {transire
1000 1917 1032 1998 Β)
1055 1917 1193 2004 dicitur,
1216 1921 1291 1988 inde

213 2023 296 2087 maie
316 2022 426 2085 fictum
447 2021 593 2103 videtur,
623 2019 710 2109 quod
730 2017 973 2108 praepositiofg
989 2020 1147 2084 contraria
1168 2022 1290 2090 ratione
1352 2101 1353 2104 Ἴ

213 2123 289 2202 {in
319 2131 462 2187 omnint
492 2117 543 2208 (ξ.
566 2121 627 2202 47,
649 2122 700 2200 4).
724 2160 766 2172 -
809 2121 947 2184 Boeotos
976 2142 1048 2184 cum
1074 2120 1208 2186 Lesbiis
1238 2120 1285 2211 (ᾖ.
1352 2149 1353 2190 t

83 2291 88 2296 ,
156 2297 165 2321 ‚
214 2225 268 2305 11)
290 2223 363 2309 ἄγρα
383 2244 443 2309 pro
465 2227 533 2307 αἶρε
552 2220 721 2301 babuisse,
750 2221 871 2284 indicat
892 2219 1049 2308 Hesycbii
1071 2221 1180 2307 glossa
1202 2221 1291 2305 ἄγγε’,

214 2348 322 2409 novae,
344 2326 513 2408 θηρευταί,
536 2323 739 2404 saoconna!-
763 2323 910 2385 Βοιωτοί.
925 2353 967 2368 -·
1008 2321 1159 2386 Fortasse
1181 2347 1289 2390 veruna

214 2435 263 2492 est
291 2424 419 2504 ιῦὃομος
444 2445 504 2510 pro
531 2424 660 2504 ἕβδομος
686 2409 736 2484 nr.
760 2421 861 2502 1563,
892 2421 979 2510 quotl
1009 2421 1193 2488 Boecbbius
1225 2450 1289 2494 non

214 2524 318 2614 magis
346 2523 421 2588 tulit
445 2533 549 2612 qnam·
565 2520 771 2603 εὑδομήαοντα
799 2523 835 2587 in
866 2523 961 2588 titulo
986 2522 1166 2612 Corcyraeo
1188 2527 1286 2610 1845,

212 2629 248 2694 in
276 2651 327 2692 nr.
350 2624 430 2690 1571
463 2635 513 2690 est
540 2625 763 2706 ἑβδομείκονια.
786 2661 828 2674 -
880 2623 1044 2688 0missum
1076 2636 1126 2688 cst
1154 2627 1177 2708 γ“
1204 2627 1289 2692 inter
1351 2665 1352 2718 γ

211 2729 338 2795 vocales
365 2727 401 2790 in
422 2722 478 2789 ίών
504 2749 563 2814 pro
590 2723 665 2809 ἐγών
693 2720 968 2814 (ς44,1).-
1010 2723 1195 2813 Singularis
1217 2739 1290 2792 sunt

211 2825 682 2915 βλεφύρα(ι,1.φλεφύρα)
708 2849 766 2914 pro
794 2825 913 2913 γεφὺρα
942 2826 1026 2891 inter
1047 2825 1210 2892 Sti-attidis
1242 2831 1287 2894 lo·

212 2931 357 2996 cotiones
396 2928 566 2993 Thebanas
598 2927 721 2993 Athen.
749 2926 851 3011 XIV,
880 2953 915 3018 p.
945 2929 1009 2994 622
1036 2927 1089 3012 Α,
1131 2931 1289 3017 βλείριι

213 3027 298 3118 (leg.
335 3031 535 3115 βλεαίρεν)
571 3030 726 3114 οἰκτείραι·
769 3029 908 3091 Βοιωτοί
935 3028 1017 3092 Hes.
1047 3053 1107 3117 pro
1141 3032 1286 3116 ἐλεαίρει,-

213 3133 310 3214 φῒκα
329 3153 388 3220 pro
409 3133 563 3214 Σφίγγα
578 3125 618 3214 ⁹).
635 3166 677 3177 -
718 3128 869 3216 Denique
890 3127 1079 3193 Boeoticum
1101 3130 1192 3195 audit
1212 3134 1287 3194 ἐνεῖ-
1350 3123 1351 3180 1

211 3259 265 3298 ναν
285 3255 344 3322 pro
366 3231 482 3314 ἐνέγκαι
511 3229 595 3320 apud
617 3228 777 3294 Cbocrob.
801 3227 865 3297 Οι.
887 3229 940 3312 ΙΙ,
961 3231 1045 3314 251,
1068 3231 1128 3316 12,
1161 3232 1216 3297 Et.
1240 3232 1287 3298 Μ.

212 3334 292 3416 691,
314 3334 375 3410 24,
400 3332 457 3400 ubi
477 3330 621 3406 Ἰωνικῶς
643 3328 870 3418 corrigendum
890 3329 1028 3395 videtur.

211 3561 253 3606 est
270 3556 300 3622 ε’,
318 3569 378 3605 cum
395 3553 598 3622 adspiratione,
621 3554 695 3621 quod
713 3571 766 3624 pro
784 3570 816 3608 ea
833 3555 861 3608 in
879 3553 1041 3622 quibusdam
1059 3555 1226 3613 dictionibus
1244 3575 1286 3612 so-

211 3640 303 3710 lebant
319 3639 437 3692 B0eotes
453 3641 515 3707 (sic)
535 3641 553 3692 b
571 3656 688 3709 ponere,
707 3641 806 3694 muba
823 3659 875 3710 pro
893 3658 987 3695 masa
1004 3642 1151 3696 dicentes«

244 3738 271 3801 8)
306 3735 365 3788 Hac
390 3735 538 3789 mutatione
563 3737 695 3790 Boeotica
722 3737 897 3806 explicantur
918 3735 1004 3800 εὶξασι
1024 3739 1069 3790 Et.
1094 3739 1134 3791 Μ.
1158 3741 1224 3807 197,
1246 3743 1285 3806 15,

210 3821 284 3890 Gud,
304 3823 368 3887 169,
388 3822 437 3887 11,
465 3822 535 3874 Αιιιι.
554 3822 609 3874 Ox.
625 3822 682 3889 IV,
701 3825 766 3891 194,
785 3827 832 3890 16,
855 3822 913 3886 ’ίξον
929 3824 974 3876 Et.
993 3823 1032 3877 Μ.
1050 3825 1116 3892 471,
1137 3829 1185 3893 16,
1213 3828 1285 3882 Ana.

212 3909 266 3962 Ox.
285 3908 315 3974 Ι,
333 3909 399 3975 195,
418 3908 468 3974 15,
484 3901 577 3974 iveris
593 3907 638 3960 Et.
656 3909 696 3961 Nl.
715 3911 781 3976 431,
799 3910 846 3962 45.

245 3996 273 4058 9)
308 3990 412 4046 Seboll.
430 3993 495 4046 Hes.
514 3993 620 4073 Theog.
639 3995 691 4048 316
708 4005 735 4048 et
751 3993 826 4049 Scut.
844 3996 887 4050 31.
911 3993 980 4062 ’φίκα
1003 3989 1032 4047 δὲ
1050 3989 1135 4062 αίτῆν
1159 3995 1286 4066 (Σφίγγα)
1347 3959 1349 4054 i

210 4076 239 4143 ai
254 4085 369 4132 Βοιωτοὶ
391 4077 495 4150 ἒῖεγον,
520 4079 733 4150 οί.11ε3.φίγα,
759 4083 839 4149 φίνια,
855 4080 966 4146 Σφίγγα
980 4089 1008 4133 ct
1023 4083 1095 4136 Anu.
1116 4081 1229 4134 Bacbm.
1248 4082 1286 4146 11,
1348 4071 1349 4080 ¹

209 4166 275 4232 185,
292 4164 366 4229 unde
390 4170 483 4220 Φίκιον
507 4161 567 4236 ὅρος
584 4181 681 4219 nomen
699 4166 814 4235 accepit.
