2748 4832
220 278 251 371 §.
277 279 314 356 8.
367 282 423 354 De
449 280 689 376 duplicatione
714 281 945 378 liquidarum.
1079 281 1130 360 5³

42 483 112 548 δίνοο
134 482 256 549 Clrocr.
281 483 361 565 1911,
383 487 446 569 24,
477 489 618 552 uidcor)
648 485 887 572 ld.227,193
920 488 1125 574 κρίνοωθ),

41 586 125 650 unde
158 585 281 674 legitur
310 586 498 672 duernionem
527 588 629 658 Lesb.
662 589 765 672 2160,
794 591 837 657 23
868 601 899 655 et
926 591 1044 676 κρίνοεο
1073 612 1123 651 nr.

39 687 143 770 21703
169 685 313 772 ὀρίοοω
336 691 395 768 111),
427 691 632 753 σίονοοταο
654 689 771 754 Choer.
793 689 877 772 259,
898 688 940 773 7,
963 690 1051 778 qnod
1071 688 1126 754 vix

38 787 154 852 dubito
177 787 298 876 quine
320 787 440 876 Sapph.
465 789 506 853 fr.
528 790 570 856 72
590 791 725 878 petitum
747 792 809 874 sit,
831 791 889 855 nbi
912 791 1125 872 correximus,

38 888 126 977 qnod
141 888 314 976 legebatur
331 891 475 954 σίνονται.
495 927 536 940 ·-
576 891 705 956 Deinde
722 891 819 956 verbo
837 892 871 956 in
892 889 956 978 εἶ’ρῖο
975 891 1126 956 exeuntia

38 989 148 1054 omnia
171 989 256 1078 opud
275 989 398 1056 Aeolcs
419 991 490 1075 ἷρω
511 992 667 1056 hahuisse
687 993 873 1058 referuntur
894 995 964 1077 ¹¹);
995 992 1126 1078 singula

37 1091 216 1156 efferuntur
234 1093 333 1156 haec:
358 1093 499 1176 δὲρίρω,
523 1094 670 1175 κίρρω,
695 1095 870 1176 φθίρρω,
894 1095 1048 1176 οπίρίρω
1070 1097 1123 1169 11),

38 1191 192 1276 ἆγέρῐρω
215 1197 279 1274 13),
311 1191 437 1276 ἀέρ’ῥω
462 1196 526 1272 11),
559 1194 644 1258 unde
665 1205 752 1260 recte
775 1194 877 1278 οἱίρρεο
905 1196 1028 1285 legitur
1047 1194 1122 1258 Alc.

37 1294 96 1376 91),
139 1294 364 1358 emendatione
402 1295 550 1359 restituta
579 1303 656 1358 sunt
684 1295 772 1379 ἄορίρε
801 1297 843 1360 Α.
868 1295 910 1360 33
942 1305 974 1360 ct
1005 1293 1126 1378 ἀέρ’ῥετε

39 1393 71 1458 S.
96 1395 161 1479 443
184 1396 328 1479 ἐρέρρω
352 1395 405 1476 ¹⁵),
430 1396 577 1480 ίμέρρω
600 1401 653 1474 ¹⁶),
678 1397 763 1462 unde
785 1398 900 1481 ίμέρρεο
922 1395 956 1460 S.
982 1399 999 1462 1
1022 1420 1053 1463 v.
1068 1395 1123 1472 27,

38 1497 162 1578 πέρ’ῥω
185 1499 244 1576 11).
310 1497 449 1561 Accedit
477 1500 690 1580 οἰκτίρρω,
731 1521 815 1586 qnae
848 1495 1012 1561 scribendi
1043 1495 1125 1560 ratio

37 1597 177 1662 certiore
198 1597 386 1662 testimonio
407 1595 522 1661 nititur
534 1601 588 1680 ¹⁸),
612 1621 707 1686 quarn
730 1599 877 1682 οἰκτέρρω
899 1599 985 1686 apud
1001 1596 1123 1662 Herod.

36 1725 67 1760 π.
87 1725 123 1779 μ.
142 1705 171 1761 λ.
194 1700 247 1776 43,
272 1699 325 1782 16,
349 1723 533 1787 qunnqnern
555 1701 653 1788 vulgo
675 1700 815 1784 οἶκοείρρο
839 1699 1011 1782 scribitur3
1035 1697 1126 1761 deni-

36 1823 99 1887 que
134 1796 342 1882 ὀλοφύρρω
372 1825 432 1888 pro
455 1799 598 1886 ὀλοφύρω
620 1800 706 1890 opud
728 1800 849 1865 Herod.
873 1801 898 1864 l.
919 1801 943 1866 1.
967 1841 1008 1852 -
1049 1798 1126 1863 Non

35 1903 150 1966 minus
183 1901 393 1967 Homericum
424 1900 540 2010 doddo
569 1923 628 1992 pro
659 1901 791 1990 vulgato
820 1901 931 1988 ὀφὲίλω
953 1899 1126 1966 Aeolicum

40 2112 47 2117 .
67 2109 335 2118 ..mm

69 2259 98 2323 9)
138 2255 239 2310 cnoer.
257 2256 323 2321 227,
347 2257 379 2323 ⁷3
406 2255 434 2307 in
460 2257 504 2310 Εῑ.
532 2255 567 2310 G.
591 2257 655 2321 317,
675 2257 708 2310 52
734 2256 805 2310 mole
830 2253 957 2324 ἐπικρίνω
982 2255 1126 2310 Aeolicum

35 2354 170 2407 vocatur,
190 2341 246 2408 leg.¹
263 2339 415 2406 ἐπικρίννω.

70 2442 121 2506 10)
156 2438 256 2491 Ghoer.
275 2437 343 2503 244,
361 2440 395 2503 83
415 2438 485 2490 male
501 2437 529 2490 in
549 2439 593 2492 Et.
613 2439 648 2492 G.
665 2439 714 2504 33,
732 2440 767 2492 39
784 2432 865 2508 ὄρίοο
883 2438 995 2507 legitur.

70 2539 121 2602 ll)
156 2532 298 2587 Heraclid.
325 2533 369 2602 ap'.
395 2533 473 2587 Enst.
499 2538 563 2602 756,
591 2537 637 2600 32,
664 2533 732 2602 ἴρῥω
759 2537 904 2602 οφθείρω
929 2534 1075 2588 derivans:
1101 2530 1130 2587 οἱ

33 2637 149 2696 Αἰολεῖς
173 2634 208 2691 roi
231 2633 267 2690 ric
286 2618 328 2703 571
351 2633 499 2706 florifera,
527 2637 620 2701 ἔχοντα
637 2638 688 2705 τήν
702 2639 733 2690 ῑῖ
756 2633 905 2704 δίφθογγον
922 2634 1127 2702 παρατίλεοτον,

33 2727 236 2796 μετατιθέντος
252 2719 319 2776 cd?
340 2718 375 2776 ric
393 2722 483 2792 ἕτερον
500 2725 520 2791 ρ’
536 2727 731 2790 προφέρονται,
757 2720 788 2775 τό
807 2715 884 2788 κείρω
910 2721 993 2789 uldrici
1010 2719 1128 2790 λέγοντος

34 2819 83 2864 καὶ
112 2805 144 2862 τί
172 2805 252 2876 drino
277 2804 376 2876 δίῤῥο·
402 2802 485 2862 nitor
506 2800 553 2860 odo
575 2815 618 2860 καί
642 2811 748 2876 φθείροι
766 2808 886 2877 φθίῤῥω.
938 2808 1043 2860 Eadem
1068 2809 1127 2860 sere

34 2896 147 2951 Herod.
176 2895 212 2948 H.
239 2894 294 2950 Ad.
319 2896 385 2961 205,
410 2911 426 2947 a
450 2905 477 2948 et
503 2897 577 2962 App.
605 2894 650 2946 Er.
678 2892 751 2946 Gud.
776 2895 842 2958 661,
868 2893 915 2958 34,
941 2891 988 2944 ubi
1014 2891 1128 2946 additur

34 2982 164 3053 σπίῤῥω,
184 2982 219 3034 cs.
238 2981 316 3036 Enst.
336 2981 417 3045 1648,
437 2983 468 3045 l,
492 2980 537 3035 Et.
557 2979 596 3034 Μ.
615 2981 668 3044 90,
688 2982 733 3046 11,
759 2979 804 3032 Et.
824 2979 859 3034 G.
880 2981 945 3045 157,
962 2979 1005 3033 48.
1041 2978 1128 3033 Recte

7 3119 11 3126 .
34 3069 149 3123 Herod.
168 3087 198 3120 π.
217 3089 247 3138 μ.
265 3065 288 3120 ί..
306 3067 357 3131 43,
376 3069 408 3120 17
426 3065 461 3117 de
478 3063 593 3117 Aeolico
611 3063 679 3132 ἔῤῥω
699 3063 814 3118 dubitat.

74 3166 123 3229 12)
160 3163 234 3215 Haec
260 3170 377 3227 quotuor
399 3160 562 3228 ¹saepissime
586 3160 755 3225 afferuntur,
783 3169 813 3213 ut
837 3159 1073 3226 011οε6194,ἱί
1101 3167 1129 3213 et

34 3255 111 3317 209,
135 3251 183 3315 13,
210 3250 254 3301 Et.
278 3247 317 3300 111.
341 3247 407 3310 058,
431 3247 479 3310 56,
506 3245 551 3298 Et.
575 3244 609 3297 G.
634 3247 699 3312 566,
721 3247 770 3312 27,
799 3249 870 3299 Αοιι.
894 3247 949 3298 Ox.
972 3246 1000 3310 Ι,
1017 3247 1082 3312 303,
1099 3248 1126 3312 8,

33 3335 149 3392 Scholl.
168 3333 253 3388 Dion.
272 3335 337 3398 665,
353 3333 402 3397 22,
426 3330 512 3396 Greg.
531 3329 563 3384 0.,
581 3333 640 3384 597.
658 3333 709 3385 602
726 3342 776 3384 etc.

50 3437 53 3445 '
76 3433 123 3496 13)
158 3429 258 3482 Ghoor.
278 3430 340 3495 175,
358 3429 408 3495 21,
429 3429 500 3480 Ano.
519 3427 574 3480 Ox.
593 3427 621 3494 1,
639 3428 705 3493 325,
724 3428 771 3495 27,
794 3427 840 3482 Et·
856 3427 898 3481 Μ.
915 3429 946 3494 8,
966 3429 1012 3493 13,
1030 3425 1057 3480 J.
1076 3425 1126 3482 Gr.

34 3521 115 3584 244,
132 3533 149 3569 a
166 3525 217 3569 etc.

77 3613 125 3676 14)
160 3609 260 3663 Choer.
280 3610 347 3675 175,
364 3609 417 3675 25,
443 3608 488 3660 Et.
510 3605 545 3660 G.
565 3610 616 3673 11,
634 3610 678 3663 29.

77 3707 125 3770 15)
159 3704 259 3757 Ghoer.
278 3705 343 3768 201,
361 3705 412 3769 22,
439 3703 484 3760 Et.
504 3701 538 3756 G.
559 3704 623 3768 157,
639 3704 691 3768 48,
718 3703 804 3770 Grcg„
822 3704 853 3756 0.
871 3705 930 3760 587.

76 3803 124 3868 16)
161 3798 265 3855 Herod.
283 3817 312 3854 π.
330 3819 360 3866 μ.
375 3797 399 3853 ί.
418 3799 468 3866 43,
487 3801 536 3866 16,
560 3797 587 3852 J.
608 3799 657 3852 Gr.
676 3800 741 3867 244,
759 3800 797 3867 bk,
821 3801 934 3853 Meerm.
953 3802 1013 3855 662.

77 3897 125 3962 17)
159 3892 283 3962 viridem
301 3892 401 3946 Choer.
419 3895 487 3959 269,
506 3895 538 3960 ⁷3
563 3901 691 3961 corrupte
708 3897 815 3962 τίροτοι
832 3896 899 3960 266,
919 3895 964 3961 13,
990 3895 1037 3948 ubi
1056 3909 1127 3946 eorn-

35 3987 158 4054 paratur
175 3995 235 4031 curn
254 3978 375 4046 φθίῤῥω.

79 4075 125 4141 18)
161 4071 262 4127 cnoer.
286 4075 351 4140 243,
372 4075 408 4127 26
429 4069 535 4143 οἰκτίρω
560 4102 592 4113 -
615 4066 659 4125 dari
681 4070 730 4126 roi
749 4075 764 4124 ἶ
785 4105 810 4116 -
832 4071 861 4127 οί
875 4067 981 4132 Αἰολεῖς
1004 4068 1130 4143 οἰκιίρῤω

35 4161 149 4231 uranon
168 4165 212 4214 ιιο1
230 4153 288 4223 oon
305 4155 440 4228 οίκιίῤῥω.
