<?xml version="1.0" encoding="UTF-8"?>
<!DOCTYPE html PUBLIC "-//W3C//DTD XHTML 1.0 Transitional//EN"
    "http://www.w3.org/TR/xhtml1/DTD/xhtml1-transitional.dtd">
<html xmlns="http://www.w3.org/1999/xhtml" xml:lang="en" lang="en">
 <head>
  <title>
</title>
<meta http-equiv="Content-Type" content="text/html;charset=utf-8" />
  <meta name='ocr-system' content='tesseract 3.04.00' />
  <meta name='ocr-capabilities' content='ocr_page ocr_carea ocr_par ocr_line ocrx_word'/>
</head>
<body>
  <div class='ocr_page' id='page_1' title='image "./degraccaelingua00ahregoog_0215.png"; bbox 0 0 2710 4820; ppageno 0'>
   <div class='ocr_carea' id='block_1_1' title="bbox 223 371 977 462">
    <p class='ocr_par' dir='ltr' id='par_1_1' title="bbox 223 371 977 462">
     <span class='ocr_line' id='line_1_1' title="bbox 223 371 977 462; baseline -0.021 -2"><span class='ocrx_word' id='word_1_1' title='bbox 223 385 297 462; x_wconf 83' lang='grc'><strong>196</strong></span> <span class='ocrx_word' id='word_1_2' title='bbox 538 379 594 452; x_wconf 89' lang='lat' dir='ltr'><strong>De</strong></span> <span class='ocrx_word' id='word_1_3' title='bbox 620 373 772 448; x_wconf 88' lang='lat' dir='ltr'><strong>dialecto</strong></span> <span class='ocrx_word' id='word_1_4' title='bbox 800 371 977 446; x_wconf 86' lang='lat' dir='ltr'><strong>Boeotica.</strong></span> 
     </span>
    </p>
   </div>
   <div class='ocr_carea' id='block_1_2' title="bbox 224 530 1309 680">
    <p class='ocr_par' dir='ltr' id='par_1_2' title="bbox 224 527 1309 680">
     <span class='ocr_line' id='line_1_2' title="bbox 224 530 1309 680; baseline -0.026 -23"><span class='ocrx_word' id='word_1_5' title='bbox 224 599 348 680; x_wconf 88' lang='lat' dir='ltr'><strong>praeter</strong></span> <span class='ocrx_word' id='word_1_6' title='bbox 368 587 481 654; x_wconf 86' lang='lat' dir='ltr'><strong>titulos</strong></span> <span class='ocrx_word' id='word_1_7' title='bbox 493 581 669 648; x_wconf 85' lang='lat' dir='ltr'><strong>Thebanos</strong></span> <span class='ocrx_word' id='word_1_8' title='bbox 692 578 783 646; x_wconf 92' lang='grc'><strong>1577.</strong></span> <span class='ocrx_word' id='word_1_9' title='bbox 809 576 891 644; x_wconf 87' lang='grc'><strong>1578</strong></span> <span class='ocrx_word' id='word_1_10' title='bbox 912 585 944 639; x_wconf 89' lang='lat' dir='ltr'><strong>et</strong></span> <span class='ocrx_word' id='word_1_11' title='bbox 960 571 1191 638; x_wconf 86' lang='lat' dir='ltr'><strong>Lebadeenses</strong></span> <span class='ocrx_word' id='word_1_12' title='bbox 1216 530 1309 634; x_wconf 85' lang='grc'><strong>1571.</strong></span> 
     </span>
    </p>
   </div>
   <div class='ocr_carea' id='block_1_3' title="bbox 175 671 1352 2489">
    <p class='ocr_par' dir='ltr' id='par_1_3' title="bbox 175 671 1312 1578">
     <span class='ocr_line' id='line_1_3' title="bbox 226 671 1310 771; baseline -0.024 -13"><span class='ocrx_word' id='word_1_13' title='bbox 226 693 319 760; x_wconf 83' lang='grc'><strong>1588</strong></span> <span class='ocrx_word' id='word_1_14' title='bbox 352 689 430 756; x_wconf 78' lang='grc'>1601</span> <span class='ocrx_word' id='word_1_15' title='bbox 462 710 528 750; x_wconf 93' lang='lat' dir='ltr'><strong>non</strong></span> <span class='ocrx_word' id='word_1_16' title='bbox 560 682 720 771; x_wconf 84' lang='lat' dir='ltr'><strong>reperitur</strong></span> <span class='ocrx_word' id='word_1_17' title='bbox 748 680 814 744; x_wconf 87' lang='lat' dir='ltr'><strong>nisi</strong></span> <span class='ocrx_word' id='word_1_18' title='bbox 845 678 879 742; x_wconf 94' lang='lat' dir='ltr'><strong>in</strong></span> <span class='ocrx_word' id='word_1_19' title='bbox 901 675 1064 764; x_wconf 83' lang='lat' dir='ltr'><strong>Copcnsi,</strong></span> <span class='ocrx_word' id='word_1_20' title='bbox 1102 696 1160 760; x_wconf 86' lang='lat' dir='ltr'><strong>qur</strong></span> <span class='ocrx_word' id='word_1_21' title='bbox 1148 671 1310 735; x_wconf 88' lang='lat' dir='ltr'><strong>&#39;medius</strong></span> 
     </span>
     <span class='ocr_line' id='line_1_4' title="bbox 225 773 1311 880; baseline -0.019 -24"><span class='ocrx_word' id='word_1_22' title='bbox 225 791 320 880; x_wconf 88' lang='lat' dir='ltr'><strong>qnasi</strong></span> <span class='ocrx_word' id='word_1_23' title='bbox 343 799 392 854; x_wconf 88' lang='lat' dir='ltr'><strong>est</strong></span> <span class='ocrx_word' id='word_1_24' title='bbox 411 787 495 850; x_wconf 89' lang='lat' dir='ltr'><strong>inter</strong></span> <span class='ocrx_word' id='word_1_25' title='bbox 517 797 682 872; x_wconf 90' lang='lat' dir='ltr'><strong>utrosque.</strong></span> <span class='ocrx_word' id='word_1_26' title='bbox 703 782 769 844; x_wconf 85' lang='lat' dir='ltr'><strong>vid.</strong></span> <span class='ocrx_word' id='word_1_27' title='bbox 794 775 823 865; x_wconf 55' lang='grc' dir='ltr'><strong>ᾗ.</strong></span> <span class='ocrx_word' id='word_1_28' title='bbox 847 779 899 844; x_wconf 82' lang='grc'><strong>48.</strong></span> <span class='ocrx_word' id='word_1_29' title='bbox 944 774 1104 844; x_wconf 80' lang='lat' dir='ltr'><strong>Deinde</strong></span> <span class='ocrx_word' id='word_1_30' title='bbox 1091 799 1130 868; x_wconf 90' lang='grc' dir='ltr'><strong>ιιι</strong></span> <span class='ocrx_word' id='word_1_31' title='bbox 1151 773 1243 838; x_wconf 86' lang='lat' dir='ltr'><strong>his&#39;</strong></span> <span class='ocrx_word' id='word_1_32' title='bbox 1232 773 1311 860; x_wconf 81' lang='lat' dir='ltr'><strong>apsis</strong></span> 
     </span>
     <span class='ocr_line' id='line_1_5' title="bbox 226 876 1310 977; baseline -0.02 -19"><span class='ocrx_word' id='word_1_33' title='bbox 226 892 374 958; x_wconf 87' lang='lat' dir='ltr'><strong>titulis</strong></span> <span class='ocrx_word' id='word_1_34' title='bbox 354 917 399 970; x_wconf 84' lang='grc' dir='ltr'><strong>ῳ,</strong></span> <span class='ocrx_word' id='word_1_35' title='bbox 429 887 517 977; x_wconf 91' lang='lat' dir='ltr'><strong>quod</strong></span> <span class='ocrx_word' id='word_1_36' title='bbox 538 885 660 950; x_wconf 91' lang='lat' dir='ltr'><strong>alteri</strong></span> <span class='ocrx_word' id='word_1_37' title='bbox 651 909 686 948; x_wconf 87' lang='grc' dir='ltr'><strong>ιιι</strong></span> <span class='ocrx_word' id='word_1_38' title='bbox 716 893 733 944; x_wconf 84' lang='grc' dir='ltr'>ῦ</span> <span class='ocrx_word' id='word_1_39' title='bbox 726 891 897 962; x_wconf 88' lang='lat' dir='ltr'><strong>mutant,</strong></span> <span class='ocrx_word' id='word_1_40' title='bbox 926 883 1044 942; x_wconf 79' lang='lat' dir='ltr'><strong>transit</strong></span> <span class='ocrx_word' id='word_1_41' title='bbox 1064 876 1099 940; x_wconf 93' lang='lat' dir='ltr'><strong>in</strong></span> <span class='ocrx_word' id='word_1_42' title='bbox 1127 878 1177 960; x_wconf 68' lang='grc' dir='ltr'><strong>οἳ,</strong></span> <span class='ocrx_word' id='word_1_43' title='bbox 1212 897 1310 963; x_wconf 87' lang='lat' dir='ltr'><strong>quum</strong></span> 
     </span>
     <span class='ocr_line' id='line_1_6' title="bbox 225 923 1310 1076; baseline -0.018 -19"><span class='ocrx_word' id='word_1_44' title='bbox 225 992 434 1072; x_wconf 76' lang='lat' dir='ltr'><strong>mutationem</strong></span> <span class='ocrx_word' id='word_1_45' title='bbox 455 987 588 1076; x_wconf 87' lang='lat' dir='ltr'><strong>Boeotis</strong></span> <span class='ocrx_word' id='word_1_46' title='bbox 616 971 776 1075; x_wconf 78' lang='lat' dir='ltr'>propriam</span> <span class='ocrx_word' id='word_1_47' title='bbox 807 1006 879 1046; x_wconf 90' lang='lat' dir='ltr'><strong>esse</strong></span> <span class='ocrx_word' id='word_1_48' title='bbox 908 989 1067 1044; x_wconf 72' lang='lat' dir='ltr'><strong>testantur</strong></span> <span class='ocrx_word' id='word_1_49' title='bbox 1095 923 1310 1066; x_wconf 68' lang='lat' dir='ltr'><strong>grammatici,</strong></span> 
     </span>
     <span class='ocr_line' id='line_1_7' title="bbox 175 1069 1313 1173; baseline -0.02 -11"><span class='ocrx_word' id='word_1_50' title='bbox 175 1147 177 1162; x_wconf 89' lang='lat'>.</span> <span class='ocrx_word' id='word_1_51' title='bbox 228 1095 304 1158; x_wconf 90' lang='lat' dir='ltr'><strong>dum</strong></span> <span class='ocrx_word' id='word_1_52' title='bbox 324 1101 431 1155; x_wconf 83' lang='lat' dir='ltr'><strong>tacent</strong></span> <span class='ocrx_word' id='word_1_53' title='bbox 451 1090 491 1152; x_wconf 91' lang='lat' dir='ltr'><strong>de</strong></span> <span class='ocrx_word' id='word_1_54' title='bbox 512 1069 611 1152; x_wconf 82' lang='lat' dir='ltr'><strong>altera</strong></span> <span class='ocrx_word' id='word_1_55' title='bbox 626 1083 670 1173; x_wconf 87' lang='lat'><strong>¹).</strong></span> <span class='ocrx_word' id='word_1_56' title='bbox 729 1084 834 1171; x_wconf 75' lang='lat' dir='ltr'><strong>Igitur</strong></span> <span class='ocrx_word' id='word_1_57' title='bbox 859 1082 913 1146; x_wconf 89' lang='lat' dir='ltr'><strong>hie</strong></span> <span class='ocrx_word' id='word_1_58' title='bbox 942 1079 1074 1170; x_wconf 89' lang='lat' dir='ltr'><strong>quidem</strong></span> <span class='ocrx_word' id='word_1_59' title='bbox 1096 1089 1234 1168; x_wconf 87' lang='lat' dir='ltr'><strong>apparet</strong></span> <span class='ocrx_word' id='word_1_60' title='bbox 1259 1079 1313 1140; x_wconf 92' lang='lat' dir='ltr'><strong>du-</strong></span> 
     </span>
     <span class='ocr_line' id='line_1_8' title="bbox 213 1179 1313 1284; baseline -0.017 -24"><span class='ocrx_word' id='word_1_61' title='bbox 213 1195 344 1284; x_wconf 86' lang='lat' dir='ltr'><strong>plicem</strong></span> <span class='ocrx_word' id='word_1_62' title='bbox 376 1190 477 1256; x_wconf 86' lang='lat' dir='ltr'><strong>luisse</strong></span> <span class='ocrx_word' id='word_1_63' title='bbox 499 1191 695 1254; x_wconf 78' lang='lat' dir='ltr'><strong>Boeotorum</strong></span> <span class='ocrx_word' id='word_1_64' title='bbox 716 1209 856 1265; x_wconf 89' lang='lat' dir='ltr'><strong>morem,</strong></span> <span class='ocrx_word' id='word_1_65' title='bbox 888 1191 1059 1268; x_wconf 88' lang='lat' dir='ltr'><strong>utrumque</strong></span> <span class='ocrx_word' id='word_1_66' title='bbox 1085 1179 1313 1268; x_wconf 85' lang='lat' dir='ltr'><strong>inscriptioni-</strong></span> 
     </span>
     <span class='ocr_line' id='line_1_9' title="bbox 226 1282 1312 1379; baseline -0.013 -19"><span class='ocrx_word' id='word_1_67' title='bbox 226 1296 307 1379; x_wconf 89' lang='lat' dir='ltr'><strong>hns,</strong></span> <span class='ocrx_word' id='word_1_68' title='bbox 342 1294 498 1372; x_wconf 84' lang='lat' dir='ltr'><strong>alterum,</strong></span> <span class='ocrx_word' id='word_1_69' title='bbox 528 1289 584 1378; x_wconf 91' lang='lat' dir='ltr'><strong>qui</strong></span> <span class='ocrx_word' id='word_1_70' title='bbox 618 1298 668 1354; x_wconf 90' lang='lat' dir='ltr'><strong>est</strong></span> <span class='ocrx_word' id='word_1_71' title='bbox 688 1287 723 1350; x_wconf 91' lang='lat' dir='ltr'><strong>in</strong></span> <span class='ocrx_word' id='word_1_72' title='bbox 754 1285 859 1350; x_wconf 90' lang='lat' dir='ltr'><strong>titulis</strong></span> <span class='ocrx_word' id='word_1_73' title='bbox 890 1285 1019 1364; x_wconf 88' lang='lat' dir='ltr'><strong>minus,</strong></span> <span class='ocrx_word' id='word_1_74' title='bbox 1057 1293 1094 1346; x_wconf 93' lang='lat' dir='ltr'><strong>nt</strong></span> <span class='ocrx_word' id='word_1_75' title='bbox 1113 1282 1225 1347; x_wconf 84' lang='lat' dir='ltr'><strong>visum</strong></span> <span class='ocrx_word' id='word_1_76' title='bbox 1256 1292 1312 1364; x_wconf 74' lang='lat' dir='ltr'><strong>est,</strong></span> 
     </span>
     <span class='ocr_line' id='line_1_10' title="bbox 196 1383 1312 1486; baseline -0.013 -24"><span class='ocrx_word' id='word_1_77' title='bbox 196 1461 199 1470; x_wconf 72' lang='grc'><strong>,</strong></span> <span class='ocrx_word' id='word_1_78' title='bbox 227 1395 412 1475; x_wconf 85' lang='lat' dir='ltr'><strong>Boeoticis,</strong></span> <span class='ocrx_word' id='word_1_79' title='bbox 444 1393 538 1456; x_wconf 89' lang='lat' dir='ltr'><strong>ctiam</strong></span> <span class='ocrx_word' id='word_1_80' title='bbox 561 1387 839 1486; x_wconf 71' lang='lat' dir='ltr'><strong>grammaticorum</strong></span> <span class='ocrx_word' id='word_1_81' title='bbox 859 1383 1053 1450; x_wconf 82' lang='lat' dir='ltr'><strong>testimoniis</strong></span> <span class='ocrx_word' id='word_1_82' title='bbox 1074 1383 1312 1466; x_wconf 85' lang='lat' dir='ltr'><strong>confirmatum,</strong></span> 
     </span>
     <span class='ocr_line' id='line_1_11' title="bbox 228 1487 976 1578; baseline -0.016 -16"><span class='ocrx_word' id='word_1_83' title='bbox 228 1508 378 1562; x_wconf 88' lang='lat' dir='ltr'><strong>neutrum</strong></span> <span class='ocrx_word' id='word_1_84' title='bbox 400 1495 500 1558; x_wconf 87' lang='lat' dir='ltr'><strong>altero</strong></span> <span class='ocrx_word' id='word_1_85' title='bbox 521 1491 624 1578; x_wconf 76' lang='lat' dir='ltr'><strong>magis</strong></span> <span class='ocrx_word' id='word_1_86' title='bbox 645 1488 778 1554; x_wconf 87' lang='lat' dir='ltr'><strong>Boeotis</strong></span> <span class='ocrx_word' id='word_1_87' title='bbox 799 1487 976 1575; x_wconf 87' lang='lat' dir='ltr'><strong>proprium.</strong></span> 
     </span>
    </p>

    <p class='ocr_par' dir='ltr' id='par_1_4' title="bbox 179 1585 1352 2489">
     <span class='ocr_line' id='line_1_12' title="bbox 313 1585 1315 1679; baseline -0.012 -18"><span class='ocrx_word' id='word_1_88' title='bbox 313 1596 399 1661; x_wconf 90' lang='lat' dir='ltr'><strong>Satis</strong></span> <span class='ocrx_word' id='word_1_89' title='bbox 429 1594 506 1657; x_wconf 90' lang='lat' dir='ltr'><strong>hinc</strong></span> <span class='ocrx_word' id='word_1_90' title='bbox 535 1602 642 1679; x_wconf 87' lang='lat' dir='ltr'><strong>patere</strong></span> <span class='ocrx_word' id='word_1_91' title='bbox 673 1589 913 1672; x_wconf 83' lang='lat' dir='ltr'><strong>existimamus,</strong></span> <span class='ocrx_word' id='word_1_92' title='bbox 957 1610 1039 1675; x_wconf 91' lang='lat' dir='ltr'><strong>quae</strong></span> <span class='ocrx_word' id='word_1_93' title='bbox 1068 1585 1104 1649; x_wconf 91' lang='lat' dir='ltr'><strong>iu</strong></span> <span class='ocrx_word' id='word_1_94' title='bbox 1131 1585 1239 1650; x_wconf 90' lang='lat' dir='ltr'><strong>altero</strong></span> <span class='ocrx_word' id='word_1_95' title='bbox 1269 1585 1315 1650; x_wconf 91' lang='lat' dir='ltr'><strong>in·</strong></span> 
     </span>
     <span class='ocr_line' id='line_1_13' title="bbox 230 1687 1352 1786; baseline -0.013 -22"><span class='ocrx_word' id='word_1_96' title='bbox 230 1697 442 1786; x_wconf 75' lang='lat' dir='ltr'><strong>scriptionum</strong></span> <span class='ocrx_word' id='word_1_97' title='bbox 462 1717 580 1780; x_wconf 79' lang='lat' dir='ltr'><strong>genere</strong></span> <span class='ocrx_word' id='word_1_98' title='bbox 602 1694 709 1755; x_wconf 89' lang='lat' dir='ltr'><strong>minus</strong></span> <span class='ocrx_word' id='word_1_99' title='bbox 739 1689 904 1778; x_wconf 78' lang='lat' dir='ltr'><strong>evulgari</strong></span> <span class='ocrx_word' id='word_1_100' title='bbox 926 1687 1107 1754; x_wconf 88' lang='lat' dir='ltr'><strong>Graecitate</strong></span> <span class='ocrx_word' id='word_1_101' title='bbox 1127 1687 1315 1770; x_wconf 85' lang='lat' dir='ltr'><strong>abhorrent,</strong></span> <span class='ocrx_word' id='word_1_102' title='bbox 1351 1761 1352 1768; x_wconf 15' lang='lat'>¹</span> 
     </span>
     <span class='ocr_line' id='line_1_14' title="bbox 230 1789 1352 1884; baseline -0.01 -20"><span class='ocrx_word' id='word_1_103' title='bbox 230 1824 297 1866; x_wconf 90' lang='lat' dir='ltr'><strong>non</strong></span> <span class='ocrx_word' id='word_1_104' title='bbox 314 1821 387 1863; x_wconf 88' lang='lat' dir='ltr'><strong>esse</strong></span> <span class='ocrx_word' id='word_1_105' title='bbox 408 1819 544 1884; x_wconf 72' lang='lat' dir='ltr'><strong>peregre</strong></span> <span class='ocrx_word' id='word_1_106' title='bbox 562 1796 699 1867; x_wconf 86' lang='lat' dir='ltr'><strong>invecta,</strong></span> <span class='ocrx_word' id='word_1_107' title='bbox 724 1791 829 1856; x_wconf 89' lang='lat' dir='ltr'><strong>sedet</strong></span> <span class='ocrx_word' id='word_1_108' title='bbox 849 1791 919 1878; x_wconf 88' lang='lat' dir='ltr'><strong>ipsa</strong></span> <span class='ocrx_word' id='word_1_109' title='bbox 935 1813 1001 1853; x_wconf 92' lang='lat' dir='ltr'><strong>non</strong></span> <span class='ocrx_word' id='word_1_110' title='bbox 1022 1789 1352 1855; x_wconf 47' lang='lat' dir='ltr'><strong>manusBoeotrca1</strong></span> 
     </span>
     <span class='ocr_line' id='line_1_15' title="bbox 179 1891 1317 1996; baseline -0.005 -36"><span class='ocrx_word' id='word_1_111' title='bbox 179 1956 206 1962; x_wconf 92' lang='grc'><strong>.,</strong></span> <span class='ocrx_word' id='word_1_112' title='bbox 229 1900 344 1988; x_wconf 82' lang='lat' dir='ltr'><strong>Neque</strong></span> <span class='ocrx_word' id='word_1_113' title='bbox 364 1907 470 1961; x_wconf 68' lang='lat' dir='ltr'><strong>manen</strong></span> <span class='ocrx_word' id='word_1_114' title='bbox 492 1895 725 1996; x_wconf 80' lang='lat' dir='ltr'><strong>discrepantiae</strong></span> <span class='ocrx_word' id='word_1_115' title='bbox 746 1915 842 1957; x_wconf 89' lang='lat' dir='ltr'><strong>eausa</strong></span> <span class='ocrx_word' id='word_1_116' title='bbox 874 1893 918 1956; x_wconf 89' lang='lat' dir='ltr'><strong>ita</strong></span> <span class='ocrx_word' id='word_1_117' title='bbox 940 1891 1096 1980; x_wconf 84' lang='lat' dir='ltr'><strong>explicari</strong></span> <span class='ocrx_word' id='word_1_118' title='bbox 1115 1901 1247 1978; x_wconf 88' lang='lat' dir='ltr'><strong>potest,</strong></span> <span class='ocrx_word' id='word_1_119' title='bbox 1285 1905 1317 1958; x_wconf 92' lang='lat' dir='ltr'><strong>ut</strong></span> 
     </span>
     <span class='ocr_line' id='line_1_16' title="bbox 230 1981 1352 2084; baseline -0.008 -17"><span class='ocrx_word' id='word_1_120' title='bbox 230 2002 266 2067; x_wconf 92' lang='lat' dir='ltr'><strong>in</strong></span> <span class='ocrx_word' id='word_1_121' title='bbox 300 2000 437 2066; x_wconf 90' lang='lat' dir='ltr'><strong>diversis</strong></span> <span class='ocrx_word' id='word_1_122' title='bbox 465 1998 617 2063; x_wconf 83' lang='lat' dir='ltr'><strong>Boeotiae</strong></span> <span class='ocrx_word' id='word_1_123' title='bbox 652 1981 797 2084; x_wconf 87' lang='lat' dir='ltr'><strong>partibus</strong></span> <span class='ocrx_word' id='word_1_124' title='bbox 831 1993 959 2057; x_wconf 87' lang='lat' dir='ltr'><strong>diversa</strong></span> <span class='ocrx_word' id='word_1_125' title='bbox 988 1992 1143 2057; x_wconf 89' lang='lat' dir='ltr'><strong>dialectus</strong></span> <span class='ocrx_word' id='word_1_126' title='bbox 1172 1993 1318 2058; x_wconf 83' lang='lat' dir='ltr'><strong>valuisse</strong></span> <span class='ocrx_word' id='word_1_127' title='bbox 1351 2031 1352 2048; x_wconf 57' lang='grc' dir='ltr'>ι</span> 
     </span>
     <span class='ocr_line' id='line_1_17' title="bbox 230 2091 1319 2192; baseline -0.005 -26"><span class='ocrx_word' id='word_1_128' title='bbox 230 2112 378 2192; x_wconf 85' lang='lat' dir='ltr'><strong>putetur,</strong></span> <span class='ocrx_word' id='word_1_129' title='bbox 417 2123 516 2187; x_wconf 91' lang='lat' dir='ltr'><strong>quum</strong></span> <span class='ocrx_word' id='word_1_130' title='bbox 540 2096 749 2162; x_wconf 83' lang='lat' dir='ltr'><strong>Orchomenii</strong></span> <span class='ocrx_word' id='word_1_131' title='bbox 770 2095 864 2160; x_wconf 89' lang='lat' dir='ltr'><strong>tituli</strong></span> <span class='ocrx_word' id='word_1_132' title='bbox 891 2091 1129 2182; x_wconf 86' lang='lat' dir='ltr'><strong>reperiantur</strong></span> <span class='ocrx_word' id='word_1_133' title='bbox 1120 2118 1156 2176; x_wconf 83' lang='lat' dir='ltr'><strong>ru</strong></span> <span class='ocrx_word' id='word_1_134' title='bbox 1177 2105 1319 2184; x_wconf 87' lang='lat' dir='ltr'><strong>utroque</strong></span> 
     </span>
     <span class='ocr_line' id='line_1_18' title="bbox 232 2193 1352 2291; baseline -0.005 -23"><span class='ocrx_word' id='word_1_135' title='bbox 232 2226 369 2291; x_wconf 77' lang='lat' dir='ltr'><strong>genere,</strong></span> <span class='ocrx_word' id='word_1_136' title='bbox 404 2223 587 2287; x_wconf 87' lang='lat' dir='ltr'><strong>quanquam</strong></span> <span class='ocrx_word' id='word_1_137' title='bbox 607 2197 750 2262; x_wconf 90' lang='lat' dir='ltr'><strong>notabile</strong></span> <span class='ocrx_word' id='word_1_138' title='bbox 773 2206 840 2279; x_wconf 88' lang='lat' dir='ltr'><strong>est,</strong></span> <span class='ocrx_word' id='word_1_139' title='bbox 880 2196 1012 2258; x_wconf 89' lang='lat' dir='ltr'><strong>alteram</strong></span> <span class='ocrx_word' id='word_1_140' title='bbox 1031 2193 1192 2262; x_wconf 86' lang='lat' dir='ltr'><strong>vocalium</strong></span> <span class='ocrx_word' id='word_1_141' title='bbox 1212 2199 1318 2285; x_wconf 80' lang='lat' dir='ltr'><strong>prole·</strong></span> <span class='ocrx_word' id='word_1_142' title='bbox 1351 2201 1352 2226; x_wconf 53' lang='lat' dir='ltr'><strong>l</strong></span> 
     </span>
     <span class='ocr_line' id='line_1_19' title="bbox 231 2277 1319 2386; baseline -0.003 -19"><span class='ocrx_word' id='word_1_143' title='bbox 231 2302 402 2386; x_wconf 84' lang='lat' dir='ltr'><strong>rendarum</strong></span> <span class='ocrx_word' id='word_1_144' title='bbox 434 2299 589 2362; x_wconf 82' lang='lat' dir='ltr'><strong>rationem</strong></span> <span class='ocrx_word' id='word_1_145' title='bbox 619 2321 754 2386; x_wconf 75' lang='lat' dir='ltr'><strong>regnare</strong></span> <span class='ocrx_word' id='word_1_146' title='bbox 783 2297 818 2360; x_wconf 92' lang='lat' dir='ltr'><strong>in</strong></span> <span class='ocrx_word' id='word_1_147' title='bbox 847 2297 952 2360; x_wconf 90' lang='lat' dir='ltr'><strong>titulis</strong></span> <span class='ocrx_word' id='word_1_148' title='bbox 974 2277 1174 2385; x_wconf 71' lang='lat' dir='ltr'><strong>Tanagrdeis</strong></span> <span class='ocrx_word' id='word_1_149' title='bbox 1204 2309 1239 2361; x_wconf 90' lang='lat' dir='ltr'><strong>et</strong></span> <span class='ocrx_word' id='word_1_150' title='bbox 1260 2299 1319 2364; x_wconf 86' lang='lat'>01·-</span> 
     </span>
     <span class='ocr_line' id='line_1_20' title="bbox 235 2397 1321 2489; baseline -0.005 -19"><span class='ocrx_word' id='word_1_151' title='bbox 235 2398 427 2483; x_wconf 89' lang='lat' dir='ltr'><strong>chomeniis,</strong></span> <span class='ocrx_word' id='word_1_152' title='bbox 449 2399 580 2463; x_wconf 89' lang='lat' dir='ltr'><strong>alteram</strong></span> <span class='ocrx_word' id='word_1_153' title='bbox 605 2399 640 2462; x_wconf 93' lang='lat' dir='ltr'><strong>in</strong></span> <span class='ocrx_word' id='word_1_154' title='bbox 662 2397 829 2462; x_wconf 89' lang='lat' dir='ltr'><strong>Thebanis</strong></span> <span class='ocrx_word' id='word_1_155' title='bbox 851 2409 882 2461; x_wconf 92' lang='lat' dir='ltr'><strong>et</strong></span> <span class='ocrx_word' id='word_1_156' title='bbox 902 2397 1187 2483; x_wconf 73' lang='lat' dir='ltr'><strong>Lebadeensihus3</strong></span> <span class='ocrx_word' id='word_1_157' title='bbox 1215 2424 1321 2489; x_wconf 83' lang='lat' dir='ltr'><strong>neque</strong></span> 
     </span>
    </p>
   </div>
   <div class='ocr_carea' id='block_1_4' title="bbox 233 2498 1352 2691">
    <p class='ocr_par' dir='ltr' id='par_1_5' title="bbox 233 2498 1352 2691">
     <span class='ocr_line' id='line_1_21' title="bbox 233 2498 1319 2589; baseline -0.008 -23"><span class='ocrx_word' id='word_1_158' title='bbox 233 2498 542 2566; x_wconf 81' lang='lat' dir='ltr'><strong>aetasdiscriminis</strong></span> <span class='ocrx_word' id='word_1_159' title='bbox 564 2523 660 2564; x_wconf 82' lang='lat' dir='ltr'><strong>causa</strong></span> <span class='ocrx_word' id='word_1_160' title='bbox 682 2510 732 2564; x_wconf 91' lang='lat' dir='ltr'><strong>est</strong></span> <span class='ocrx_word' id='word_1_161' title='bbox 752 2499 915 2582; x_wconf 88' lang='lat' dir='ltr'><strong>habenda,</strong></span> <span class='ocrx_word' id='word_1_162' title='bbox 938 2525 1038 2589; x_wconf 89' lang='lat' dir='ltr'><strong>qnnm</strong></span> <span class='ocrx_word' id='word_1_163' title='bbox 1060 2509 1092 2564; x_wconf 89' lang='lat' dir='ltr'><strong>et</strong></span> <span class='ocrx_word' id='word_1_164' title='bbox 1115 2524 1232 2570; x_wconf 86' lang='lat' dir='ltr'><strong>omnes</strong></span> <span class='ocrx_word' id='word_1_165' title='bbox 1254 2528 1319 2568; x_wconf 80' lang='lat' dir='ltr'><strong>sae.</strong></span> 
     </span>
     <span class='ocr_line' id='line_1_22' title="bbox 233 2581 1352 2691; baseline -0.001 -21"><span class='ocrx_word' id='word_1_166' title='bbox 233 2605 308 2670; x_wconf 90' lang='lat' dir='ltr'><strong>culo</strong></span> <span class='ocrx_word' id='word_1_167' title='bbox 341 2603 410 2668; x_wconf 89' lang='lat' dir='ltr'><strong>fere</strong></span> <span class='ocrx_word' id='word_1_168' title='bbox 436 2602 550 2691; x_wconf 83' lang='lat' dir='ltr'><strong>tertio,</strong></span> <span class='ocrx_word' id='word_1_169' title='bbox 585 2611 618 2666; x_wconf 93' lang='lat' dir='ltr'><strong>et</strong></span> <span class='ocrx_word' id='word_1_170' title='bbox 646 2601 855 2666; x_wconf 83' lang='lat' dir='ltr'><strong>Orchomenii</strong></span> <span class='ocrx_word' id='word_1_171' title='bbox 887 2625 938 2664; x_wconf 88' lang='lat' dir='ltr'><strong>nr.</strong></span> <span class='ocrx_word' id='word_1_172' title='bbox 971 2601 1063 2666; x_wconf 85' lang='lat'><strong>1579.</strong></span> <span class='ocrx_word' id='word_1_173' title='bbox 1096 2603 1178 2669; x_wconf 85' lang='lat'>1580</span> <span class='ocrx_word' id='word_1_174' title='bbox 1207 2605 1319 2670; x_wconf 85' lang='lat' dir='ltr'><strong>eodem</strong></span> <span class='ocrx_word' id='word_1_175' title='bbox 1351 2581 1352 2648; x_wconf 54' lang='lat' dir='ltr'><strong>l</strong></span> 
     </span>
    </p>
   </div>
   <div class='ocr_carea' id='block_1_5' title="bbox 202 1671 207 1702">
    <p class='ocr_par' dir='ltr' id='par_1_6' title="bbox 202 1671 207 1702">
     <span class='ocr_line' id='line_1_23' title="bbox 202 1671 207 1702; baseline 0 0"><span class='ocrx_word' id='word_1_176' title='bbox 202 1671 207 1702; x_wconf 82' lang='lat' dir='ltr'><strong>l</strong></span> 
     </span>
    </p>
   </div>
   <div class='ocr_carea' id='block_1_6' title="bbox 233 2701 1352 2994">
    <p class='ocr_par' dir='ltr' id='par_1_7' title="bbox 233 2701 1352 2994">
     <span class='ocr_line' id='line_1_24' title="bbox 233 2701 1352 2790; baseline 0.004 -19"><span class='ocrx_word' id='word_1_177' title='bbox 233 2708 301 2771; x_wconf 83' lang='lat' dir='ltr'><strong>fere</strong></span> <span class='ocrx_word' id='word_1_178' title='bbox 323 2714 466 2790; x_wconf 86' lang='lat' dir='ltr'><strong>tempore</strong></span> <span class='ocrx_word' id='word_1_179' title='bbox 486 2703 605 2780; x_wconf 78' lang='lat' dir='ltr'><strong>exarati</strong></span> <span class='ocrx_word' id='word_1_180' title='bbox 627 2703 778 2790; x_wconf 87' lang='lat' dir='ltr'><strong>sintque</strong></span> <span class='ocrx_word' id='word_1_181' title='bbox 806 2727 856 2766; x_wconf 88' lang='lat' dir='ltr'><strong>nr.</strong></span> <span class='ocrx_word' id='word_1_182' title='bbox 883 2703 974 2768; x_wconf 83' lang='lat'>1583.</span> <span class='ocrx_word' id='word_1_183' title='bbox 1028 2701 1255 2772; x_wconf 86' lang='lat' dir='ltr'><strong>Nihilominus</strong></span> <span class='ocrx_word' id='word_1_184' title='bbox 1276 2710 1319 2774; x_wconf 77' lang='lat' dir='ltr'><strong>al-</strong></span> <span class='ocrx_word' id='word_1_185' title='bbox 1351 2745 1352 2762; x_wconf 59' lang='grc' dir='ltr'>ι</span> 
     </span>
     <span class='ocr_line' id='line_1_25' title="bbox 233 2789 1352 2896; baseline 0.002 -26"><span class='ocrx_word' id='word_1_186' title='bbox 233 2817 334 2870; x_wconf 87' lang='lat' dir='ltr'><strong>teram</strong></span> <span class='ocrx_word' id='word_1_187' title='bbox 365 2804 521 2870; x_wconf 90' lang='lat' dir='ltr'><strong>rationem</strong></span> <span class='ocrx_word' id='word_1_188' title='bbox 553 2805 651 2868; x_wconf 87' lang='lat' dir='ltr'><strong>altera</strong></span> <span class='ocrx_word' id='word_1_189' title='bbox 683 2803 896 2891; x_wconf 89' lang='lat' dir='ltr'><strong>antiquiorem</strong></span> <span class='ocrx_word' id='word_1_190' title='bbox 924 2827 996 2868; x_wconf 89' lang='lat' dir='ltr'><strong>esse</strong></span> <span class='ocrx_word' id='word_1_191' title='bbox 1016 2805 1155 2884; x_wconf 81' lang='lat' dir='ltr'><strong>maxime</strong></span> <span class='ocrx_word' id='word_1_192' title='bbox 1176 2822 1322 2896; x_wconf 83' lang='lat' dir='ltr'><strong>appar-et,</strong></span> <span class='ocrx_word' id='word_1_193' title='bbox 1351 2789 1352 2820; x_wconf 50' lang='lat'>³</span> 
     </span>
     <span class='ocr_line' id='line_1_26' title="bbox 235 2891 1352 2994; baseline 0.002 -22"><span class='ocrx_word' id='word_1_194' title='bbox 235 2909 294 2973; x_wconf 90' lang='lat' dir='ltr'><strong>uhi</strong></span> <span class='ocrx_word' id='word_1_195' title='bbox 315 2904 496 2973; x_wconf 86' lang='lat' dir='ltr'><strong>accuratius</strong></span> <span class='ocrx_word' id='word_1_196' title='bbox 518 2905 763 2994; x_wconf 72' lang='lat' dir='ltr'><strong>quaerimus-de</strong></span> <span class='ocrx_word' id='word_1_197' title='bbox 784 2906 803 2966; x_wconf 82' lang='grc' dir='ltr'><strong>ὖ</strong></span> <span class='ocrx_word' id='word_1_198' title='bbox 822 2904 858 2967; x_wconf 90' lang='lat' dir='ltr'><strong>in</strong></span> <span class='ocrx_word' id='word_1_199' title='bbox 880 2905 915 2970; x_wconf 70' lang='lat' dir='ltr'><strong>n]</strong></span> <span class='ocrx_word' id='word_1_200' title='bbox 931 2914 1062 2970; x_wconf 88' lang='lat' dir='ltr'><strong>mutato.</strong></span> <span class='ocrx_word' id='word_1_201' title='bbox 1107 2905 1222 2988; x_wconf 82' lang='lat' dir='ltr'><strong>Quum</strong></span> <span class='ocrx_word' id='word_1_202' title='bbox 1235 2911 1321 2976; x_wconf 88' lang='lat' dir='ltr'><strong>enim</strong></span> <span class='ocrx_word' id='word_1_203' title='bbox 1351 2891 1352 2936; x_wconf 70' lang='lat' dir='ltr'><strong>t</strong></span> 
     </span>
    </p>
   </div>
   <div class='ocr_carea' id='block_1_7' title="bbox 78 3005 1320 3095">
    <p class='ocr_par' dir='ltr' id='par_1_8' title="bbox 78 3005 1320 3095">
     <span class='ocr_line' id='line_1_27' title="bbox 78 3005 1320 3095; baseline 0.004 -23"><span class='ocrx_word' id='word_1_204' title='bbox 78 3044 82 3054; x_wconf 42' lang='grc' dir='ltr'>ι</span> <span class='ocrx_word' id='word_1_205' title='bbox 168 3049 172 3066; x_wconf 51' lang='grc' dir='ltr'>ι</span> <span class='ocrx_word' id='word_1_206' title='bbox 211 3010 316 3073; x_wconf 71' lang='lat' dir='ltr'><strong>=haec</strong></span> <span class='ocrx_word' id='word_1_207' title='bbox 339 3008 558 3095; x_wconf 70' lang='lat' dir='ltr'><strong>diphthongus</strong></span> <span class='ocrx_word' id='word_1_208' title='bbox 581 3007 675 3071; x_wconf 88' lang='lat' dir='ltr'><strong>etiam</strong></span> <span class='ocrx_word' id='word_1_209' title='bbox 696 3005 805 3071; x_wconf 83' lang='lat' dir='ltr'><strong>brevis</strong></span> <span class='ocrx_word' id='word_1_210' title='bbox 819 3007 940 3070; x_wconf 86' lang='lat' dir='ltr'><strong>vocalis</strong></span> <span class='ocrx_word' id='word_1_211' title='bbox 957 3006 1060 3070; x_wconf 85' lang='lat' dir='ltr'><strong>vicem</strong></span> <span class='ocrx_word' id='word_1_212' title='bbox 1082 3005 1127 3070; x_wconf 87' lang='lat' dir='ltr'><strong>ita</strong></span> <span class='ocrx_word' id='word_1_213' title='bbox 1148 3011 1320 3090; x_wconf 84' lang='lat' dir='ltr'><strong>sustineat,</strong></span> 
     </span>
    </p>
   </div>
   <div class='ocr_carea' id='block_1_8' title="bbox 151 3096 1325 3904">
    <p class='ocr_par' dir='ltr' id='par_1_9' title="bbox 151 3096 1325 3904">
     <span class='ocr_line' id='line_1_28' title="bbox 239 3096 1321 3197; baseline 0.004 -23"><span class='ocrx_word' id='word_1_214' title='bbox 239 3119 277 3174; x_wconf 91' lang='lat' dir='ltr'><strong>ut</strong></span> <span class='ocrx_word' id='word_1_215' title='bbox 298 3110 368 3197; x_wconf 85' lang='lat' dir='ltr'><strong>ipsa</strong></span> <span class='ocrx_word' id='word_1_216' title='bbox 390 3107 600 3196; x_wconf 82' lang='lat' dir='ltr'><strong>corripiatur,</strong></span> <span class='ocrx_word' id='word_1_217' title='bbox 628 3107 809 3172; x_wconf 89' lang='lat' dir='ltr'><strong>rectissime</strong></span> <span class='ocrx_word' id='word_1_218' title='bbox 830 3106 1018 3172; x_wconf 89' lang='lat' dir='ltr'><strong>Priscianus</strong></span> <span class='ocrx_word' id='word_1_219' title='bbox 1038 3096 1224 3194; x_wconf 78' lang='lat' dir='ltr'><strong>intellexit,</strong></span> <span class='ocrx_word' id='word_1_220' title='bbox 1253 3137 1321 3178; x_wconf 88' lang='lat' dir='ltr'><strong>cam</strong></span> 
     </span>
     <span class='ocr_line' id='line_1_29' title="bbox 238 3207 1325 3311; baseline 0.006 -37"><span class='ocrx_word' id='word_1_221' title='bbox 238 3234 305 3274; x_wconf 93' lang='lat' dir='ltr'><strong>non</strong></span> <span class='ocrx_word' id='word_1_222' title='bbox 327 3233 435 3274; x_wconf 83' lang='lat' dir='ltr'><strong>voram</strong></span> <span class='ocrx_word' id='word_1_223' title='bbox 456 3231 529 3274; x_wconf 90' lang='lat' dir='ltr'><strong>esse</strong></span> <span class='ocrx_word' id='word_1_224' title='bbox 551 3207 803 3296; x_wconf 71' lang='lat' dir='ltr'><strong>diphthongum,</strong></span> <span class='ocrx_word' id='word_1_225' title='bbox 827 3232 887 3273; x_wconf 87' lang='lat' dir='ltr'><strong>nee</strong></span> <span class='ocrx_word' id='word_1_226' title='bbox 908 3208 974 3272; x_wconf 92' lang='lat' dir='ltr'><strong>nis1</strong></span> <span class='ocrx_word' id='word_1_227' title='bbox 964 3209 1190 3311; x_wconf 85' lang='lat' dir='ltr'><strong>peculiarem</strong></span> <span class='ocrx_word' id='word_1_228' title='bbox 1214 3226 1248 3280; x_wconf 90' lang='lat' dir='ltr'><strong>et</strong></span> <span class='ocrx_word' id='word_1_229' title='bbox 1266 3240 1325 3280; x_wconf 88' lang='lat' dir='ltr'><strong>an-</strong></span> 
     </span>
     <span class='ocr_line' id='line_1_30' title="bbox 240 3309 1321 3428; baseline 0.007 -54"><span class='ocrx_word' id='word_1_230' title='bbox 240 3311 368 3428; x_wconf 92' lang='lat' dir='ltr'><strong>tiquum</strong></span> <span class='ocrx_word' id='word_1_231' title='bbox 391 3311 521 3408; x_wconf 83' lang='lat' dir='ltr'><strong>quidem</strong></span> <span class='ocrx_word' id='word_1_232' title='bbox 542 3309 703 3374; x_wconf 83' lang='lat' dir='ltr'><strong>vocalis</strong></span> <span class='ocrx_word' id='word_1_233' title='bbox 684 3335 703 3372; x_wconf 88' lang='lat' dir='ltr'><strong>o</strong></span> <span class='ocrx_word' id='word_1_234' title='bbox 725 3334 857 3392; x_wconf 89' lang='lat' dir='ltr'><strong>sonum,</strong></span> <span class='ocrx_word' id='word_1_235' title='bbox 875 3333 893 3373; x_wconf 88' lang='lat' dir='ltr'><strong>a</strong></span> <span class='ocrx_word' id='word_1_236' title='bbox 914 3310 1047 3376; x_wconf 88' lang='lat' dir='ltr'><strong>Boeotis</strong></span> <span class='ocrx_word' id='word_1_237' title='bbox 1070 3323 1247 3398; x_wconf 87' lang='lat' dir='ltr'><strong>servatum,</strong></span> <span class='ocrx_word' id='word_1_238' title='bbox 1270 3341 1321 3382; x_wconf 87' lang='lat' dir='ltr'><strong>ex-</strong></span> 
     </span>
     <span class='ocr_line' id='line_1_31' title="bbox 240 3400 1322 3522; baseline 0.008 -48"><span class='ocrx_word' id='word_1_239' title='bbox 240 3411 378 3500; x_wconf 84' lang='lat' dir='ltr'><strong>primere</strong></span> <span class='ocrx_word' id='word_1_240' title='bbox 400 3400 512 3476; x_wconf 87' lang='lat' dir='ltr'><strong>eodem</strong></span> <span class='ocrx_word' id='word_1_241' title='bbox 534 3411 655 3522; x_wconf 81' lang='lat' dir='ltr'><strong>modo,</strong></span> <span class='ocrx_word' id='word_1_242' title='bbox 692 3435 757 3500; x_wconf 92' lang='lat' dir='ltr'><strong>quo</strong></span> <span class='ocrx_word' id='word_1_243' title='bbox 778 3410 895 3476; x_wconf 89' lang='lat' dir='ltr'><strong>Gracci</strong></span> <span class='ocrx_word' id='word_1_244' title='bbox 924 3411 1096 3500; x_wconf 87' lang='lat' dir='ltr'><strong>scriptores</strong></span> <span class='ocrx_word' id='word_1_245' title='bbox 1118 3414 1274 3482; x_wconf 87' lang='lat' dir='ltr'><strong>Latinum</strong></span> <span class='ocrx_word' id='word_1_246' title='bbox 1300 3445 1322 3482; x_wconf 90' lang='lat' dir='ltr'><strong>n</strong></span> 
     </span>
     <span class='ocr_line' id='line_1_32' title="bbox 230 3512 1320 3608; baseline 0.006 -32"><span class='ocrx_word' id='word_1_247' title='bbox 230 3535 299 3602; x_wconf 89' lang='lat' dir='ltr'><strong>per</strong></span> <span class='ocrx_word' id='word_1_248' title='bbox 321 3512 611 3601; x_wconf 73' lang='lat' dir='ltr'><strong>diphthongum</strong></span> <span class='ocrx_word' id='word_1_249' title='bbox 578 3539 611 3576; x_wconf 85' lang='lat' dir='ltr'><strong>oo</strong></span> <span class='ocrx_word' id='word_1_250' title='bbox 632 3513 775 3600; x_wconf 83' lang='lat' dir='ltr'><strong>prolerre</strong></span> <span class='ocrx_word' id='word_1_251' title='bbox 798 3513 913 3578; x_wconf 88' lang='lat' dir='ltr'><strong>solent.</strong></span> <span class='ocrx_word' id='word_1_252' title='bbox 958 3514 1005 3578; x_wconf 84' lang='lat' dir='ltr'><strong>At</strong></span> <span class='ocrx_word' id='word_1_253' title='bbox 1024 3513 1059 3577; x_wconf 89' lang='lat' dir='ltr'><strong>hi</strong></span> <span class='ocrx_word' id='word_1_254' title='bbox 1080 3514 1214 3602; x_wconf 90' lang='lat' dir='ltr'><strong>quidem</strong></span> <span class='ocrx_word' id='word_1_255' title='bbox 1234 3545 1320 3608; x_wconf 78' lang='lat' dir='ltr'><strong>pere·</strong></span> 
     </span>
     <span class='ocr_line' id='line_1_33' title="bbox 158 3610 1321 3700; baseline 0.011 -27"><span class='ocrx_word' id='word_1_256' title='bbox 158 3631 161 3635; x_wconf 85' lang='lat'>·</span> <span class='ocrx_word' id='word_1_257' title='bbox 242 3610 372 3698; x_wconf 74' lang='lat' dir='ltr'><strong>grinnm</strong></span> <span class='ocrx_word' id='word_1_258' title='bbox 396 3623 530 3696; x_wconf 82' lang='lat' dir='ltr'><strong>sonum,</strong></span> <span class='ocrx_word' id='word_1_259' title='bbox 560 3637 654 3700; x_wconf 90' lang='lat' dir='ltr'><strong>quem</strong></span> <span class='ocrx_word' id='word_1_260' title='bbox 677 3613 818 3700; x_wconf 88' lang='lat' dir='ltr'><strong>simplici</strong></span> <span class='ocrx_word' id='word_1_261' title='bbox 839 3613 961 3678; x_wconf 87' lang='lat' dir='ltr'><strong>Graeca</strong></span> <span class='ocrx_word' id='word_1_262' title='bbox 987 3612 1080 3690; x_wconf 87' lang='lat' dir='ltr'><strong>litera</strong></span> <span class='ocrx_word' id='word_1_263' title='bbox 1100 3616 1240 3685; x_wconf 86' lang='lat' dir='ltr'><strong>reddere</strong></span> <span class='ocrx_word' id='word_1_264' title='bbox 1260 3647 1321 3686; x_wconf 76' lang='lat' dir='ltr'><strong>non</strong></span> 
     </span>
     <span class='ocr_line' id='line_1_34' title="bbox 151 3706 1320 3809; baseline 0.007 -33"><span class='ocrx_word' id='word_1_265' title='bbox 151 3748 155 3756; x_wconf 76' lang='lat'>=</span> <span class='ocrx_word' id='word_1_266' title='bbox 243 3711 378 3794; x_wconf 82' lang='lat' dir='ltr'><strong>licebat,</strong></span> <span class='ocrx_word' id='word_1_267' title='bbox 417 3715 616 3798; x_wconf 88' lang='lat' dir='ltr'><strong>necessario,</strong></span> <span class='ocrx_word' id='word_1_268' title='bbox 655 3724 812 3802; x_wconf 86' lang='lat' dir='ltr'><strong>qnatenus</strong></span> <span class='ocrx_word' id='word_1_269' title='bbox 832 3713 904 3778; x_wconf 85' lang='lat' dir='ltr'><strong>lieri</strong></span> <span class='ocrx_word' id='word_1_270' title='bbox 924 3706 1212 3806; x_wconf 35' lang='lat' dir='ltr'><strong>poterat-duplici</strong></span> <span class='ocrx_word' id='word_1_271' title='bbox 1233 3722 1320 3809; x_wconf 78' lang='lat' dir='ltr'><strong>signo</strong></span> 
     </span>
     <span class='ocr_line' id='line_1_35' title="bbox 244 3811 1322 3904; baseline 0.01 -26"><span class='ocrx_word' id='word_1_272' title='bbox 244 3811 359 3901; x_wconf 76' lang='lat' dir='ltr'><strong>imitati</strong></span> <span class='ocrx_word' id='word_1_273' title='bbox 382 3824 476 3898; x_wconf 65' lang='lat' dir='ltr'><strong>snut,</strong></span> <span class='ocrx_word' id='word_1_274' title='bbox 513 3838 573 3879; x_wconf 89' lang='lat' dir='ltr'><strong>nec</strong></span> <span class='ocrx_word' id='word_1_275' title='bbox 601 3815 717 3902; x_wconf 83' lang='lat' dir='ltr'><strong>mirum</strong></span> <span class='ocrx_word' id='word_1_276' title='bbox 749 3825 833 3880; x_wconf 87' lang='lat' dir='ltr'><strong>esset</strong></span> <span class='ocrx_word' id='word_1_277' title='bbox 855 3813 883 3880; x_wconf 91' lang='lat' dir='ltr'><strong>si</strong></span> <span class='ocrx_word' id='word_1_278' title='bbox 903 3814 1023 3904; x_wconf 87' lang='lat' dir='ltr'><strong>reliqui</strong></span> <span class='ocrx_word' id='word_1_279' title='bbox 1044 3816 1162 3885; x_wconf 85' lang='lat' dir='ltr'><strong>Graeci</strong></span> <span class='ocrx_word' id='word_1_280' title='bbox 1184 3824 1322 3888; x_wconf 79' lang='lat' dir='ltr'><strong>eundern</strong></span> 
     </span>
    </p>
   </div>
   <div class='ocr_carea' id='block_1_9' title="bbox 248 3959 527 3984">
    <p class='ocr_par' dir='ltr' id='par_1_10' title="bbox 248 3959 527 3984">
     <span class='ocr_line' id='line_1_36' title="bbox 248 3959 527 3984; baseline 0 -12"><span class='ocrx_word' id='word_1_281' title='bbox 248 3959 527 3984; x_wconf 40' lang='grc' dir='ltr'><strong>ΨΜἻ--ν--··“4ἤ</strong></span> 
     </span>
    </p>
   </div>
   <div class='ocr_carea' id='block_1_10' title="bbox 281 4057 1326 4144">
    <p class='ocr_par' dir='ltr' id='par_1_11' title="bbox 281 4057 1326 4144">
     <span class='ocr_line' id='line_1_37' title="bbox 281 4057 1326 4144; baseline 0.012 -33"><span class='ocrx_word' id='word_1_282' title='bbox 281 4061 307 4123; x_wconf 92' lang='lat' dir='ltr'><strong>l)</strong></span> <span class='ocrx_word' id='word_1_283' title='bbox 343 4057 437 4125; x_wconf 75' lang='lat' dir='ltr'><strong>Adeo,</strong></span> <span class='ocrx_word' id='word_1_284' title='bbox 460 4060 484 4112; x_wconf 91' lang='lat' dir='ltr'><strong>si</strong></span> <span class='ocrx_word' id='word_1_285' title='bbox 501 4071 575 4116; x_wconf 82' lang='lat' dir='ltr'><strong>recte</strong></span> <span class='ocrx_word' id='word_1_286' title='bbox 592 4063 751 4120; x_wconf 86' lang='lat' dir='ltr'><strong>Boechhius</strong></span> <span class='ocrx_word' id='word_1_287' title='bbox 769 4066 869 4121; x_wconf 81' lang='lat' dir='ltr'><strong>hoc·</strong></span> <span class='ocrx_word' id='word_1_288' title='bbox 838 4089 866 4119; x_wconf 82' lang='grc' dir='ltr'>οι</span> <span class='ocrx_word' id='word_1_289' title='bbox 887 4075 979 4136; x_wconf 63' lang='lat' dir='ltr'><strong>prop</strong></span> <span class='ocrx_word' id='word_1_290' title='bbox 969 4084 1036 4121; x_wconf 86' lang='lat' dir='ltr'><strong>ex</strong></span> <span class='ocrx_word' id='word_1_291' title='bbox 1056 4069 1170 4136; x_wconf 83' lang='lat' dir='ltr'><strong>antiqua</strong></span> <span class='ocrx_word' id='word_1_292' title='bbox 1190 4075 1326 4144; x_wconf 75' lang='lat' dir='ltr'><strong>scripura</strong></span> 
     </span>
    </p>
   </div>
   <div class='ocr_carea' id='block_1_11' title="bbox 126 4133 1326 4298">
    <p class='ocr_par' dir='ltr' id='par_1_12' title="bbox 126 4133 1326 4284">
     <span class='ocr_line' id='line_1_38' title="bbox 126 4133 1326 4227; baseline 0.017 -35"><span class='ocrx_word' id='word_1_293' title='bbox 126 4207 131 4212; x_wconf 29' lang='grc' dir='ltr'>Ι</span> <span class='ocrx_word' id='word_1_294' title='bbox 194 4133 197 4146; x_wconf 70' lang='grc'><em>’</em></span> <span class='ocrx_word' id='word_1_295' title='bbox 248 4143 409 4197; x_wconf 86' lang='lat' dir='ltr'><strong>remansisse</strong></span> <span class='ocrx_word' id='word_1_296' title='bbox 423 4145 559 4212; x_wconf 82' lang='lat' dir='ltr'><strong>judicaret</strong></span> <span class='ocrx_word' id='word_1_297' title='bbox 584 4151 631 4216; x_wconf 87' lang='lat' dir='ltr'><strong>(cs.</strong></span> <span class='ocrx_word' id='word_1_298' title='bbox 650 4152 672 4218; x_wconf 60' lang='grc' dir='ltr'><strong>ᾗ.</strong></span> <span class='ocrx_word' id='word_1_299' title='bbox 690 4153 785 4220; x_wconf 82' lang='grc' dir='ltr'><strong>4θ,5)</strong></span> <span class='ocrx_word' id='word_1_300' title='bbox 757 4155 970 4227; x_wconf 52' lang='grc' dir='ltr'>ὅῂιρριιοιεῑ</span> <span class='ocrx_word' id='word_1_301' title='bbox 986 4153 1063 4221; x_wconf 89' lang='lat' dir='ltr'><strong>inde,</strong></span> <span class='ocrx_word' id='word_1_302' title='bbox 1082 4155 1207 4213; x_wconf 88' lang='lat' dir='ltr'><strong>Boeotos</strong></span> <span class='ocrx_word' id='word_1_303' title='bbox 1226 4160 1326 4225; x_wconf 63' lang='lat' dir='ltr'><strong>olinq‘</strong></span> 
     </span>
     <span class='ocr_line' id='line_1_39' title="bbox 248 4242 443 4298; baseline 0.027 -18"><span class='ocrx_word' id='word_1_304' title='bbox 248 4245 301 4298; x_wconf 87' lang='lat' dir='ltr'><strong>uon</strong></span> <span class='ocrx_word' id='word_1_305' title='bbox 321 4242 443 4284; x_wconf 83' lang='lat' dir='ltr'><strong>mutasse.</strong></span> 
     </span>
    </p>
   </div>
   <div class='ocr_carea' id='block_1_12' title="bbox 0 0 1391 4820">
    <p class='ocr_par' dir='ltr' id='par_1_13' title="bbox 0 0 1391 4820">
     <span class='ocr_line' id='line_1_40' title="bbox 0 0 1391 4820; baseline 0 0"><span class='ocrx_word' id='word_1_306' title='bbox 0 0 1391 4820; x_wconf 95' lang='lat' dir='ltr'><strong> </strong></span> 
     </span>
    </p>
   </div>
  </div>
 </body>
</html>
