2710 4820
228 311 304 386 202
480 317 481 324 ’
550 310 606 383 De
631 304 781 384 dialecto
806 293 990 390 Boeotico..

227 513 277 580 dit
306 507 388 598 (vid.
411 503 442 598 ξ.
464 511 523 594 36,
544 503 606 599 2),
640 518 750 576 contra
772 511 925 591 nunninae
943 533 1003 600 pro
1029 509 1221 595 φυσᾶοντες,
1251 537 1310 596 φυ-

229 618 339 688 σῶντες
366 613 488 702 legitur
508 610 593 676 Acir.
616 612 689 678 833.
748 611 917 700 Singulari
939 609 971 699 *)
998 613 1231 678 contractionis
1260 637 1308 678 ra-

224 717 334 798 tione,
364 739 404 781 ex
426 716 462 779 ᾶῦ
482 715 520 778 fit
540 715 577 778 ἇῦ
598 713 634 778 in
655 711 843 793 Σαὺμενλνς,
875 711 1086 798 Σαυκράτειος
1107 715 1204 782 1575.
1229 714 1306 780 1588

222 843 284 906 pro
305 805 470 898 Zoo'noloc
478 866 491 896 ,
513 814 682 900 Σώμηλος,·
715 814 847 903 vulgare
867 825 975 880 tomen
994 814 1169 901 Σωκράτης
1189 814 1307 904 legitur

222 943 274 984 nr.
299 915 391 984 1583.

305 1018 381 1084 Non
402 1018 512 1084 minus
531 1022 548 1084 i
569 1042 643 1084 cum
664 1023 820 1105 sequente
841 1013 946 1084 vocali
966 1018 1067 1107 vulgo
1093 1042 1161 1085 nou
1184 1027 1307 1084 eontra·

224 1123 329 1199 lritur,
360 1120 417 1187 sed
438 1121 474 1186 in
496 1119 510 1179 ῑ
529 1129 680 1185 mutatur.
703 1118 768 1184 vid.
800 1112 831 1206 §.
855 1119 915 1202 38,
936 1121 968 1186 2.
1021 1119 1089 1187 Ubi
1111 1123 1323 1210 contr-aluum

223 1237 278 1290 tur
304 1226 356 1307 Ξῖ,
385 1221 528 1288 nascitur
546 1223 595 1301 5,
625 1220 702 1310 quin
729 1219 871 1302 strictior
890 1218 1064 1286 Dorismns
1085 1220 1210 1312 duplex
1233 1247 1248 1286 ε
1275 1221 1307 1286 in

222 1332 245 1403 ἢ
276 1323 467 1411 conjungit,
507 1332 543 1388 ut
568 1320 773 1406 Ἡράκλειτος
805 1318 887 1386 1577
920 1345 940 1386 e
970 1323 1123 1405 -κλέετος,
1163 1324 1309 1396 Κλεινίας

222 1429 315 1495 1579.
340 1425 423 1494 1589
446 1426 508 1504 (cl.
531 1422 629 1490 Aeol.
652 1421 829 1503 κλεεννὸς),
866 1421 996 1486 δονεῖται
1018 1421 1093 1488 Cor.
1115 1423 1137 1489 8
1159 1423 1253 1502 (vid.
1277 1419 1305 1511 §.

221 1531 283 1612 39,
304 1525 347 1615 2)
368 1537 400 1592 et
421 1548 516 1590 casus
537 1517 664 1613 obliqui
685 1521 853 1588 nominum
870 1523 984 1604 ἰιιῖης
999 1526 1114 1592 Bocot.
1133 1525 1224 1608 iffi,
1251 1527 1305 1615 qni

99 1684 101 1690 .
221 1653 350 1721 semper
370 1624 620 1693 contractionem
639 1625 807 1714 patiuntur
832 1623 1061 1707 Ἀμννοκλεῒος,
1092 1630 1303 1712 Λαμοκλεῖος,

217 1730 406 1817 Ἰαροκλεῒος
427 1726 528 1810 1563,
550 1749 579 1792 a.
602 1725 657 1803 ln,
699 1728 885 1800 Πολυκλεῗος
915 1727 1015 1809 1569,
1042 1728 1162 1813 a.11.,
1194 1731 1305 1796 ‘Aum-

219 1830 336 1909 νλεῖος,
369 1831 548 1906 Διοκλεῖος,
578 1829 766 1902 Νικοκλεῒος
796 1828 896 1911 1593,
933 1851 1016 1918 quae
1046 1839 1121 1894 nata
1154 1841 1238 1896 sunt
1270 1857 1306 1898 ex

218 1933 434 2016 Ἀμννονλέεος
463 1942 524 1996 etc.
547 1965 589 1978 -
630 1927 749 1995 Mirum
770 1927 914 2020 videtur,
953 1927 1043 2018 quud
1070 1931 1107 1994 in
1137 1935 1305 2021 pronomi-

112 2066 115 2072 ·
217 2061 305 2128 uum·
325 2034 478 2124 genitivis
506 2034 615 2114 ἕμοῦς,
655 2033 741 2104 acoris
768 2029 822 2095 vel
849 2033 953 2112 τνοῦς,
994 2033 1084 2114 inde,
1123 2033 1181 2121 qui
1216 2036 1305 2124 apud

219 2138 396 2202 Corinnam
424 2134 637 2222 legebantur,
665 2137 699 2196 io
728 2131 855 2220 vulgari
886 2131 1011 2197 ratione
1036 2132 1073 2196 in
1101 2140 1136 2197 δῦ
1164 2137 1302 2220 coaluit,

217 2261 279 2320 noc
301 2235 409 2302 minus
430 2235 596 2321 singulare
616 2244 667 2299 est
687 2234 755 2308 τεῦς
774 2256 833 2320 pro
853 2228 922 2306 τεός
941 2231 1029 2322 apud
1048 2233 1196 2302 eandem.
1236 2239 1302 2304 vid.

216 2333 235 2426 ἓ
298 2435 421 2503 Dorico
438 2431 531 2501 ¹more
552 2459 593 2500 ex
614 2445 651 2500 δί
670 2434 751 2498 lit-oi
772 2434 806 2499 iu
834 2437 1016 2517 Τιλφῶσσα,
1038 2449 1196 2526 quaeest
1218 2441 1303 2507 Boe·

84 2619 86 2624 ¹
214 2540 298 2607 otica
326 2537 468 2603 nominis
496 2537 598 2602 forma
628 2534 708 2618 (vid.
737 2533 877 2619 Miillcr,
908 2537 1061 2603 Orchom.
1089 2562 1123 2628 p.
1146 2541 1252 2626 480),
1284 2569 1302 2609 e

219 2640 414 2724 'ltloo'eooc5
447 2639 566 2704 deinde
586 2661 627 2702 ex
649 2649 689 2702 ᾱᾱ
708 2635 745 2700 in
766 2637 909 2725 genitivo
930 2636 1159 2704 declinationis
1180 2666 1300 2710 secun·
1352 2697 1353 2710 2

146 2753 148 2758 '
214 2744 293 2821 dae,
324 2753 361 2805 ut
379 2741 499 2821 πολὲμω
521 2764 561 2806 cx
582 2739 714 2826 antiquo
735 2740 866 2819 πολέμου
890 2733 948 2824 (ol.
971 2738 1093 2804 Buttm.
1116 2745 1213 2826 dass.
1239 2749 1299 2814 Gr.

81 2829 94 2848 ⁸
212 2841 243 2932 ἓ.
266 2849 317 2911 35.
339 2846 427 2908 dont.
450 2842 501 2922 6),·
531 2854 716 2928 corruptum
737 2849 788 2903 est
807 2837 1006 2920 βριμούμενοι
1028 2839 1103 2905 Cor.
1127 2842 1159 2908 8.

297 2935 444 3008 Cnosis
476 2942 620 3028 exempla
650 2940 814 3004 rarissima
846 2951 939 3022 sunt,
977 2941 1070 3006 edila
1101 2945 1183 3010 1562
1207 2972 1298 3036 sqq„

214 3046 255 3121 κῆ
280 3044 379 3124 1569,
401 3066 430 3105 a.
454 3041 514 3105 ΙΙΙ.
537 3063 596 3129 pro
618 3041 656 3120 νή
678 3039 698 3118 ἡ
720 3041 743 3106 i.
768 3065 797 3107 e.
819 3044 872 3104 καῖ
893 3043 941 3116 αἰ,
963 3041 1140 3128 χείρωάδων
1162 3043 1244 3113 Cor.
1269 3057 1296 3113 l.

211 3170 270 3242 pro
292 3142 330 3223 κῆ
352 3139 518 3226 sigoaldus·

662 3446 665 3454 .
694 3375 725 3469 §-
747 3383 800 3447 n.

421 3525 423 3529 ·
493 3477 495 3483 Α
538 3543 542 3552 1
578 3517 637 3568 ne
655 3516 920 3570 declinatione.

292 3655 323 3734 1)
351 3655 426 3720 Non
458 3652 602 3720 defuisse
631 3651 803 3718 Boeoticae
835 3653 972 3718 dialecto
1000 3653 1184 3738 dualem,
1229 3683 1294 3748 quo
1347 3623 1348 3681 l

208 3756 346 3824 Aeolica
366 3755 391 3820 i.
414 3779 441 3820 e.
465 3755 624 3822 Lesbiaco
644 3753 784 3840 conciat,
806 3753 1002 3842 intelligitur
1021 3780 1039 3820 e
1060 3759 1119 3820 vois
1141 3756 1220 3822 (lor.
1242 3761 1292 3825 16.
1346 3791 1347 3865 g

213 3902 476 3923 ...m-...um

240 4006 268 4071 *)
302 3969 453 4058 Praeteiea
478 4017 532 4056 non
556 4003 693 4074 reperitur
716 4005 774 4058 scre
796 4005 848 4058 nisi
872 4005 944 4076 apud
963 4008 1100 4076 Arcades,
1128 4011 1186 4068 vid.
1206 4017 1232 4084 5.
1250 4017 1292 4078 53,

208 4089 378 4144 Macedones
399 4086 571 4156 inconsonis
595 4104 647 4160 pro
664 4095 795 4158 σωτηρία,
821 4102 848 4144 et
871 4089 899 4144 in
924 4095 1020 4162 paucis
1043 4096 1145 4163 glossis
1167 4098 1292 4158 incertae
1344 4093 1345 4140 l

209 4173 322 4228 dialecti
341 4173 415 4243 opud
433 4173 618 4245 Hesychium,
637 4181 666 4229 ut
683 4169 830 4245 cainonis,
845 4176 967 4248 πυλωρὸς
985 4197 1001 4234 c
1018 4178 1166 4254 unitiones.
