2748 4832
245 329 269 401 5
570 299 999 396 cendemnatos

246 523 414 602 Aeolicam
427 519 598 584 dialectum
622 541 779 584 servasse.
825 515 1017 583 Strabonem
1033 538 1110 582 vero
1130 515 1166 580 in
1186 515 1240 581 his
1260 538 1324 581 non

245 625 395 713 antiquas
429 620 469 684 de
489 619 625 714 Aeolica
658 619 758 706 stirpe
786 628 819 682 et
849 618 987 682 dialecto
1018 617 1229 701 traditiones,
1271 617 1326 684 sed

245 727 406 814 vulgatam
438 722 528 787 illam
550 730 689 809 quatuor
709 720 919 786 diulcctorum
940 717 1135 783 divisionem
1157 728 1325 808 sequutum

248 850 322 894 csse
334 871 344 907 ,
367 825 438 912 ipse
461 821 538 888 satis
560 819 688 911 prodit,
718 846 818 910 quum
838 821 949 907 paullo
970 830 1044 884 ante
1063 831 1111 886 tot
1132 819 1326 884 Graecorum

247 928 351 994 fuisse
373 924 491 1013 stirpes
512 924 666 1003 affirmat,
689 933 769 1010 quot
791 922 968 995 dialectos,
991 931 1146 1010 quatuor,
1170 919 1324 999 Ionicum,

247 1028 408 1108 Atticam,
442 1021 616 1107 Doricam,
649 1023 837 1106 Aeolicam,
870 1019 1091 1087 Athenienses
1111 1033 1243 1111 propter
1264 1021 1326 1086 dia·

232 1133 369 1196 -leetum
390 1128 473 1191 male
496 1124 536 1189 ab
559 1115 697 1190 lenibus
720 1147 910 1212 segregans,
934 1122 1011 1186 dum
1030 1123 1221 1188 Heraclides
1243 1123 1326 1188 Pon·

249 1233 334 1297 ticus
360 1229 446 1319 apud
466 1225 589 1290 Athen.
611 1224 708 1304 xlv,
731 1225 794 1290 624
816 1222 943 1286 cautius
963 1222 1025 1286 tria
1044 1222 1241 1289 Graecorum
1262 1225 1325 1307 γένη

200 1349 203 1364 ·
249 1333 375 1410 Dares,
409 1327 551 1402 Aeoles,
583 1324 682 1388 Iones
704 1321 889 1410 distinguit.
954 1321 1070 1412 Neque
1100 1336 1186 1392 recte
1214 1324 1326 1390 Strabo

249 1435 306 1498 illa
328 1429 488 1497 divisione
518 1449 631 1492 omncs
652 1423 850 1489 Graecorum
881 1423 998 1512 stirpes
1028 1438 1059 1488 et
1080 1425 1234 1492 dialectos
1256 1451 1326 1492 eon·

248 1531 346 1598 tineri
368 1530 517 1617 opinatus
539 1537 600 1592 est.
645 1525 787 1614 Antiqui
808 1523 895 1590 enim
912 1527 1111 1614 grammatici
1133 1554 1187 1594 eas
1208 1539 1328 1593 tantum

250 1633 404 1698 dialectos
426 1629 634 1718 spectabant,
668 1626 790 1716 quibus
811 1626 985 1716 scriptores
1014 1630 1067 1692 usi
1087 1640 1216 1711 essent,
1247 1641 1328 1694 cete-

250 1759 322 1815 ras,
355 1754 437 1820 quac
466 1753 533 1796 non
553 1729 727 1817 vigebant,
762 1728 829 1794 nisi
856 1727 891 1797 in
914 1752 968 1793 ore
989 1730 1122 1818 populi,
1137 1761 1140 1768 ¹
1154 1755 1221 1794 non
1242 1754 1327 1796 cura-

250 1835 339 1899 bant.
394 1832 486 1914 Nee,
520 1830 549 1896 si
576 1830 781 1911 omittamus,
817 1852 1070 1919 quaecunquae
1101 1831 1253 1920 mythicis
1275 1857 1329 1920 gc·
1366 1813 1368 1830 .

251 1933 414 2022 nealogiis
435 1931 653 2021 colliguntur,
677 1930 754 2019 quia
775 1928 831 1995 vix
849 1929 1024 2018 quidquam
1048 1943 1117 2014 est,
1147 1932 1235 2021 quod
1256 1933 1327 1997 inde

252 2035 366 2124 colligi
386 2043 538 2124 nequeat,
561 2029 657 2113 Elei,
680 2029 844 2112 Arcades,
867 2031 985 2113 Locri,
1008 2032 1212 2112 PhocenseS,
1233 2033 1328 2100 Aeto·

250 2139 295 2219 li,
317 2138 518 2209 Acarnanes,
541 2154 683 2219 unquam
704 2140 830 2216 praeter
851 2129 1042 2198 Strabonem
1062 2130 1218 2199 Aeolicae
1240 2133 1328 2222 stirpi

252 2236 371 2302 diserte
402 2235 653 2299 adnumerantur
676 2231 729 2294 vel
748 2230 886 2295 Aeolica
911 2233 1049 2298 dialecto
1077 2235 1129 2299 usi
1151 2259 1225 2304 esse
1251 2237 1328 2300 reie-

251 2347 375 2402 runtur.
442 2333 582 2414 Contra,
623 2341 659 2395 ut
689 2340 850 2395 taceamus
880 2331 919 2396 de
950 2334 1135 2401 Arcadibus
1169 2337 1327 2426 Pelasgis,
1367 2345 1368 2400 l

240 2438 329 2528 qnia
350 2435 446 2500 etiam
465 2433 588 2500 Acoles
609 2432 744 2520 Pelasgi
765 2443 920 2498 vocantur
933 2432 982 2522 ⁸),
1011 2437 1109 2503 Locri
1131 2449 1217 2505 certe
1239 2439 1329 2504 Lele-

253 2563 312 2629 ges
332 2537 535 2602 habebantur
548 2531 597 2620 ⁴),
625 2534 737 2598 Aetoli
760 2533 840 2598 adeo
861 2535 1006 2602 Doribus
1026 2539 1276 2605 adnumerantur
1290 2536 1328 2625 ⁵),

252 2661 313 2705 nec
335 2639 445 2704 minus
467 2637 620 2725 Epirotae
641 2635 761 2701 Dorica
783 2635 920 2700 dialecto
941 2638 990 2702 uti
1012 2640 1164 2706 dicuntur
1178 2638 1229 2726 ⁶),
1252 2665 1330 2730 quae
1366 2661 1367 2714 5

253 2763 349 2831 quam
368 2763 444 2805 vera
466 2740 551 2820 sint,
579 2736 644 2802 alio
663 2736 737 2800 loeo
758 2747 941 2823 quaeretur.
991 2739 1087 2806 Nunc
1111 2743 1248 2808 sufficiat
1267 2767 1329 2807 mo·

253 2866 351 2924 nere,
384 2851 417 2906 et
445 2842 479 2908 in
502 2839 657 2904 Eleorum
680 2837 908 2927 Arcadumque
931 2827 1084 2907 dialectis
1106 2844 1209 2925 nihil,
1241 2843 1330 2932 qnod

255 2942 386 3060 quidem
415 2941 574 3021 sciamus,
604 2938 735 3018 inesse,
765 2961 824 3003 cur
843 2927 1022 3006 Aeolicae
1019 2943 1128 3030 potius
1149 2969 1243 3033 quam
1267 2944 1366 3010 Ι)5

253 3043 339 3109 ricae
373 3040 511 3106 dialecto
546 3039 816 3120 adnumerentur,
857 3049 889 3103 et
925 3040 1157 3127 Phocenses,
1172 3043 1329 3134 Delphos,

255 3213 535 3227 ——oe—o-n—--c-n

289 3318 317 3382 3)
352 3312 456 3370 ueros
474 3312 548 3380 vn,
566 3317 608 3369 35.
644 3314 735 3370 sarab.
753 3314 790 3370 v
811 3330 838 3383 p
857 3317 915 3370 335.
979 3275 983 3287 “
1364 3303 1365 3359 t

289 3403 318 3464 4)
352 3399 443 3454 Strab.
462 3399 530 3453 vll.
549 3417 575 3468 p.
596 3402 656 3456 495.
693 3401 778 3454 Dion.
797 3400 907 3468 rtatl,
927 3405 968 3458 18.

290 3487 318 3553 5)
353 3484 448 3588 Steph.
467 3484 539 3554 Byz.
558 3501 580 3538 S.
595 3504 620 3542 v.
635 3487 734 3542 Ἰωνία.
752 3485 777 3538 ts
793 3487 821 3538 δὲ
838 3440 977 3558 Angitiam
992 3487 1114 3556 Attaioi,
1132 3493 1201 3548 ott
1216 3495 1364 3556 Atalmo

256 3570 407 3634 Boiairtli,²
396 3589 421 3620 55
438 3571 465 3621 ds
476 3568 557 3622 Inous
571 3569 715 3642 'aimoino

292 3661 321 3732 6)
355 3658 454 3710 doann.
483 3653 532 3709 Gr.
551 3659 619 3724 236,
637 3658 673 3712 b·
710 3656 806 3729 Aoptto
797 3663 941 3728 5χρῶ55555
958 3656 1054 3714 Ῥόδιοί
1076 3681 1141 3714 rsa
1127 3667 1170 3718 καὶ
1196 3669 1268 3720 Kotor
1293 3688 1332 3718 και

258 3741 459 3812 Πελοποννήσιοι
474 3743 517 3794 καὶ
533 3743 641 3814 Κρὶσκω
658 3744 701 3794 zat
716 3746 752 3795 Σ5
753 3747 849 3796 artois
836 3766 879 3798 5555
871 3743 989 3812 Attrita
1012 3747 1095 3800 5555555
1086 3769 1159 3819 sarpa
1174 3731 1363 3824 a'lrraapaairI

257 3828 404 3902 paptagr’
379 3832 522 3890 οικοῦντες.
529 3845 581 3898 pro
599 3845 654 3896 quo
671 3828 700 3882 ia
718 3831 917 3884 recentioribus
934 3832 1102 3896 editionibus
1119 3847 1147 3891 et
1159 3838 1208 3892 Gr.
1223 3841 1332 3896 Meerm.

260 3933 290 3987 p.
307 3916 359 3972 642
376 3911 459 3968 estat
448 3913 521 3984 arla
536 3913 684 3977 aetam’
665 3934 714 3986 ηπ.
732 3915 777 3970 οἰκ.
795 3945 830 3956 -
863 3919 971 3988 Κρίσκω
961 3918 1024 3970 viu
1050 3920 1113 3975 edd.
1132 3940 1203 3978 rece.
1222 3936 1249 3979 et
1265 3921 1332 3992 apud

260 4003 311 4056 Gr.
329 4002 443 4056 Meerm.
462 4001 591 4055 omissum
613 4002 724 4068 nescio,
750 4004 888 4070 quomodo
907 4007 1047 4060 emendari
1071 4009 1174 4078 possit,
1196 4010 1250 4064 nisi
1268 4007 1333 4062 vetis
1361 4027 1362 4074 p

259 4089 577 4160 Quotamquanquam
602 4086 701 4142 nuum
726 4096 769 4142 est
793 4089 870 4144 urbis
895 4090 964 4146 olim
985 4091 1093 4150 dirutae
1120 4093 1332 4164 agrammatieo

260 4173 424 4228 mentionem
441 4171 512 4226 fieri.
