2748 4832
218 292 243 368 6
346 401 347 412 ¹
418 294 475 366 De
501 291 653 368 dialecto
679 291 835 366 Aeolum
862 290 1097 368 Asianorum.

220 496 360 579 Acoles,
387 497 536 562 'auctores
563 498 681 562 habere
703 497 859 562 Alcaeum
881 499 921 560 et'
934 493 1083 585 Sappho,
1121 519 1222 586 supra
1239 522 1308 564 mo-

220 597 360 666 nuimus.
426 598 520 664 Unus
549 597 739 662 Heraclides
775 595 876 660 semel
906 596 1085 683 accuratius
1113 597 1309 664 Lesbiorum

221 699 392 764 dialectum
414 699 583 786 distinguit
599 691 643 780 ¹).
695 696 776 762 lude
797 708 829 759 et
848 695 932 785 ipsi,
961 695 1019 761 nbi
1041 697 1167 762 nullum
1189 699 1308 763 erroris

221 811 271 863 est
290 799 483 888 periculum,
506 823 600 889 saepe
618 797 772 863 Aeolicus
795 796 923 861 dialecti
944 820 1060 862 nomen
1082 799 1307 883 retinebimus,
1368 843 1371 868 a

221 900 278 964 ubi
300 902 477 966 accuratius
500 901 650 966 distincto
673 923 754 988 opus
775 909 843 981 est,
872 898 925 962 vel
945 897 1086 963 Asianos
1107 899 1230 991 Aeoles
1251 925 1308 966 no·
1369 937 1370 941 =

219 1001 431 1085 minabimus,
461 1003 514 1070 vel
535 1000 699 1067 brevitatis
722 999 827 1064 studio
849 998 1040 1064 Lesbiacam
1062 999 1235 1066 dialectum
1254 1027 1309 1068 vo·

219 1102 377 1185 cabimuS,
400 1127 417 1166 a
439 1127 501 1191 qna
523 1101 716 1168 continentis
737 1100 861 1166 incolas
881 1123 946 1162 non
967 1101 1103 1164 multum
1122 1101 1309 1185 recessisse,
1370 1104 1371 1146 ³

220 1193 359 1269 mermor
381 1201 556 1267 Cumarum
579 1204 682 1266 docet.
706 1236 747 1248 -
798 1200 948 1264 Ceterum
969 1201 1008 1264 de
1029 1201 1309 1288 grammaticorum

198 1307 405 1370 ¹auctoritate
427 1303 491 1367 alio
520 1314 663 1391 tempore
686 1300 845 1388 agendum
867 1309 926 1364 est.
982 1301 1079 1367 Nunc
1103 1303 1219 1378 sufficit
1238 1329 1309 1369 mo-

218 1431 315 1488 nere,
350 1403 489 1493 plurima
518 1414 550 1466 et
581 1401 699 1490 optima
727 1398 838 1464 deberi
858 1401 1049 1466 Heraclidae
1070 1403 1315 1490 Alexandrino,

219 1508 313 1592 cujus
342 1504 427 1568 haud
446 1528 546 1593 pauca
567 1502 704 1568 servavit
724 1501 932 1580 Eustathius‚
963 1503 1142 1592 Apollonio
1162 1503 1310 1594 Dyscolo

219 1617 251 1670 et
273 1605 479 1688 Herodiano,
503 1605 599 1690 hujus
621 1602 709 1686 filio,
731 1602 817 1666 unde
840 1604 1035 1668 omniafere
1057 1629 1113 1668 sna
1134 1607 1311 1674 hauserunt

219 1696 467 1793 Theognostns,
499 1704 743 1769 Choeroboscus
764 1716 796 1767 et
817 1705 1053 1792 Etymologica.
1118 1705 1234 1795 Neque
1263 1721 1309 1774 ta-

218 1826 292 1872 men
315 1809 374 1871 hos
396 1806 502 1871 omnis
523 1803 641 1868 erroris
664 1804 823 1870 immunes
845 1807 935 1889 esse,
968 1817 1113 1871 accurata
1140 1807 1309 1897 inquisitio

218 1909 357 1974 docebit.
414 1906 621 1975 Grammatici
651 1905 690 1970 dc
713 1905 878 1988 dialectis,
910 1905 1072 1988 Joanncs,
1105 1907 1161 1996 qni
1192 1911 1307 1995 femur,

217 2011 430 2099 Philoponns.
444 2009 511 2074 sive
532 2007 787 2089 Grammaticus,
811 2008 1019 2074 Grammatici
1041 2007 1111 2095 (qui
1132 2009 1211 2076 editi
1234 2028 1311 2078 sunt

215 2122 290 2200 post
304 2109 497 2195 Gregorinm
514 2109 732 2189 Corinthium)
749 2109 933 2184 Leidensis‚
957 2109 1180 2195 Augustanus,
1202 2111 1310 2178 Mear-

215 2205 428 2291 manniauns,
468 2209 664 2293 Vaticanus,
708 2208 824 2273 deinde
862 2210 1025 2298 Excerpta
1055 2208 1312 2281 Birnbanmiana

131 2305 133 2310 ⁵
215 2321 290 2400 post
311 2310 572 2396 Etymologicum
602 2309 804 2392 Gudiannm,
834 2309 972 2397 deniqne
995 2309 1172 2396 Gregorius
1194 2313 1311 2380 Corin·

214 2411 302 2475 thius
324 2436 365 2476 ex
386 2411 498 2479 eodem
520 2413 609 2475 fonte
632 2433 688 2475 sna
708 2411 912 2494 derivarunt,
935 2410 1000 2474 uisi
1022 2412 1109 2499 quod
1131 2414 1184 2478 hic
1206 2439 1312 2504 panea

116 2569 118 2573 a
215 2512 346 2576 aliunde
368 2515 480 2578 hausta
502 2511 643 2594 addidit,
678 2523 730 2595 et,
754 2535 937 2600 quanquam
959 2533 1054 2600 saepe
1076 2512 1119 2576 ita
1141 2527 1217 2578 snut
1239 2541 1311 2584 cor·

215 2614 322 2702 rupti,
360 2625 395 2678 nt
423 2613 506 2677 nihil
535 2612 611 2676 iude
633 2612 704 2676 sani
726 2613 801 2676 clici
830 2611 970 2702 possit,¹
993 2623 1098 2676 tamen
1120 2616 1220 2682 multa
1242 2640 1312 2684 nou

213 2715 449 2788 contemnenda
471 2714 510 2778 de
532 2713 669 2779 Aeolica
692 2713 827 2779 dialecto
848 2714 989 2778 tradunt.
1012 2754 1055 2768 -

296 2821 331 2898 2)
378 2815 565 2883 Certissima
598 2815 774 2907 Lesbiacae
814 2813 963 2898 dialecti,
1008 2814 1112 2904 qualis
1152 2817 1229 2886 inde
1269 2823 1312 2888 eb

214 2919 403 2991 Alexandro
430 2914 478 2980 M.
511 2927 598 2999 erat,
643 2917 785 3003 cognitio
813 2917 938 3006 capitur
963 2941 1003 2980 ex
1039 2916 1313 3006 inscriptionibus

213 3018 404 3100 Lesbiacis,
427 3017 514 3104 quod
533 3017 627 3082 valde
651 3017 845 3098 dolendum,
869 3019 946 3081 satis
968 3017 1092 3106 paucis.
1138 3019 1312 3110 Propriam

213 3119 410 3186 Lesbiorum
433 3117 605 3182 dialectum
626 3129 739 3182 tenent
758 3143 808 3181 nr.
832 3118 935 3200 2166,
958 3119 1137 3184 Alexandri
1158 3119 1205 3185 M.
1229 3135 1312 3190 tem·

210 3245 293 3311 pore
315 3218 438 3300 incisa,
471 3243 552 3306 quae
576 3208 758 3306 quanquam
779 3219 884 3292 lacera
903 3231 1008 3284 tamen
1030 3220 1146 3284 summi
1167 3235 1216 3287 est
1236 3251 1312 3314 pre.

106 3401 107 3404 ,
212 3321 271 3404 tii,
304 3345 356 3384 nr.
379 3319 464 3400 2167
485 3319 579 3386 valde
601 3319 707 3384 lacera
729 3329 761 3384 et
781 3317 971 3385 recentioris
992 3321 1124 3400 aetatis,
1157 3335 1193 3389 nt
1215 3327 1313 3394 docet

211 3423 244 3484 Ξῖ
272 3445 333 3510 pro
360 3421 433 3486 tin
463 3423 637 3498 πολεῖταις,
672 3419 789 3484 deiude
817 3447 868 3485 nr.
891 3423 1113 3488 2172-2190
1144 3423 1312 3493 breviores

214 3532 246 3586 et
266 3521 487 3586 Romanorum
509 3521 737 3610 imperatorum
759 3533 903 3612 tempore
924 3523 1075 3612 scriptae,
1099 3525 1155 3588 scd
1177 3539 1334 3616 propter'

214 3621 386 3688 dialectum
407 3623 572 3712 antiquam
593 3622 720 3687 fidelius
745 3635 921 3706 servatam,
954 3647 1049 3710 qnam
1071 3623 1144 3687 aliis
1172 3625 1208 3690 in
1231 3629 1310 3692 civi-

211 3723 332 3788 tatibus
354 3725 415 3788 hoc
438 3736 580 3814 tempore
602 3723 673 3787 fieri
695 3724 796 3802 solet,
826 3749 893 3789 uon
914 3721 1164 3810 negligendae.¹
1204 3729 1310 3794 Acce·

213 3824 263 3888 dit
290 3824 451 3890 decretum
482 3826 712 3906 Cumanorum,
744 3827 831 3914 quod
860 3825 979 3920 legitur
1007 3826 1042 3890 in
1075 3827 1229 3913 (Caylns)
1249 3835 1309 3895 Re-

228 4057 276 4124 ι1)
311 4059 388 4112 Eust.
408 4061 494 4124 1613,
509 4059 543 4112 22
568 4075 604 4109 ex
623 4057 732 4110 lleracl.
751 4056 784 4112 cd
808 4057 947 4128 yttaapt
971 4063 1015 4112 κἀὶ
1038 4055 1072 4112 ω’
1092 4057 1176 4114 λοιπὰ
1193 4058 1309 4118 Alolmoe'

216 4137 281 4197 data
299 4143 349 4212 τῆς
366 4148 494 4216 Λεσβίων
511 4143 615 4210 ἔχονται
633 4141 779 4200 διαλέκτου.
