2710 4820
207 357 284 434 232
481 357 539 430 Dc
562 350 730 428 dialectis
754 344 1030 426 Pseudaeolicis.
1137 377 1141 387 ¹

208 553 305 620 titulo
325 577 376 618 nr.
399 551 421 618 7
441 550 476 618 in
496 554 667 643 Ἑρμείας,
698 551 882 638 Ἡρακλῆς,
920 549 1002 616 adeo
1022 572 1084 640 pro
1107 549 1128 614 ci
1148 548 1186 614 in
1207 547 1300 614 media

207 679 287 722 voce
308 656 416 732 ἐποίηὲ
434 655 521 745 apud
541 655 702 722 Lcalsium
723 678 775 718 ur.
799 651 841 720 52
861 651 885 716 i.
909 676 939 717 e.
964 653 1104 729 ἐποίησε.
1138 649 1210 716 vid.
1235 649 1298 714 infr.

207 793 251 808 -·
301 755 475 846 Digamus
503 768 638 846 apparat
667 756 703 820 iu
738 753 922 843 antiquiore
959 753 1104 820 frustulo
1135 775 1192 817 nr.
1218 752 1300 834 1599,

207 858 266 924 ubi
287 865 470 944 Ρασστυοχο
499 858 539 925 ab
569 858 663 938 ἄστυ,
703 869 815 924 contra
844 854 879 919 in
907 879 959 919 ur.
983 853 1085 938 1513,
1111 853 1166 920 14.
1194 853 1240 920 19
1259 876 1300 918 ne·

207 957 316 1046 glecto
338 958 497 1046 digamma
517 959 639 1048 legitur
658 954 815 1042 priosum,
843 980 984 1047 proco,
1008 954 1098 1046 quod
1120 965 1174 1021 est
1198 953 1238 1020 in
1258 978 1302 1020 aa·

207 1060 312 1150 tiquis
332 1060 439 1126 titulis
459 1061 596 1148 Argivis
618 1085 668 1126 nr.
692 1062 744 1127 14.
768 1060 829 1143 19,
851 1056 1053 1122 πεδάΡοιααι.

295 1159 406 1249 Sigana
418 1160 631 1230 Doriensium
651 1161 884 1230 nonnullorum
904 1171 937 1224 et
954 1158 1095 1225 aliorum
1113 1182 1212 1226 more
1233 1154 1302 1246 (vid.

209 1255 240 1350 ἓ.
265 1261 318 1331 52.
341 1275 411 1328 not.
435 1264 470 1345 6)
491 1264 650 1331 omissum
679 1285 753 1328 csse
774 1272 831 1328 aut
851 1259 962 1350 potius
983 1259 1021 1326 in
1043 1258 1204 1348 spiritum
1224 1282 1304 1350 aspc-

207 1385 282 1428 rum
312 1363 495 1448 transisse,
538 1365 616 1431 inde
649 1362 804 1452 colligere
841 1361 940 1445 licet,
985 1361 1072 1450 quod
1104 1361 1304 1445 Teleelides,

209 1463 521 1554 scriptor'Atticus,
551 1463 720 1546 Eutresii‘,
753 1462 866 1552 oppidi
887 1461 1043 1529 Arcadici
1063 1461 1220 1544 incolas,
1246 1462 1305 1530 Ei-

208 1569 335 1652 τρηίαας
364 1566 491 1632 vocavit
506 1563 557 1653 ¹),
591 1566 738 1654 ipsorum
769 1563 977 1631 hauddubie
1004 1587 1102 1630 nsum
1135 1575 1300 1657 sequutus.

207 1665 349 1734 Accedit
369 1667 487 1734 Lcalsii
513 1667 631 1737 titulus
660 1667 815 1756 antiquus
836 1691 888 1734 nr.
911 1668 972 1753 52,
1013 1667 1050 1732 iu
1071 1690 1139 1757 quo
1163 1669 1267 1733 ἕποιιὲ
1283 1669 1302 1734 i.

208 1793 240 1834 c.
264 1771 390 1847 ἐποίησε
418 1792 568 1859 asperum
596 1791 658 1858 pro
691 1768 796 1858 sigma
824 1767 949 1834 halaet.¹
978 1766 1135 1835 Servatur
1163 1769 1308 1836 tanaeud

208 1869 245 1935 iu
266 1870 404 1962 reliquis
425 1870 552 1954 titulis,
583 1894 634 1935 nr.
660 1871 744 1938 1512
763 1871 909 1948 Σωσίας,
940 1871 1023 1937 1513
1042 1870 1222 1951 Λαμὲσας,
1250 1880 1306 1937 Νι-

209 1973 344 2056 αασίας,
380 1972 463 2040 1514
493 1973 668 2050 Σωσικλῆς,
690 2008 732 2021 -
784 1969 860 2038 Νοιι
888 1980 1054 2038 mutantur
1086 1972 1230 2039 &finale
1256 1997 1304 2038 uc·

209 2096 273 2162 quc
292 2073 333 2155 d,
357 2075 398 2141 de
420 2098 486 2162 quo
509 2067 643 2140 mouerc
663 2072 847 2151 voluimus,
872 2070 901 2136 si
923 2072 999 2162 quis
1020 2073 1104 2139 forte
1125 2073 1305 2140 Laconicae

208 2186 242 2240 et
261 2175 394 2242 Eliacae
417 2174 629 2241 dialectorum
650 2173 865 2265 proprietates
887 2197 941 2239 eas
962 2173 1144 2242 Arcadicae
1167 2199 1305 2242 commu·

207 2300 269 2366 pes
298 2278 402 2343 fuisse
433 2276 630 2365 suspicetur.
653 2314 695 2326 -
746 2275 811 2340 Pro
832 2271 857 2362 ῥ’
878 2276 1019 2342 testibus
1047 2279 1271 2365 grammaticis
1283 2284 1306 2360 ²)

208 2375 357 2444 Arcades
379 2376 400 2458 ξ
420 2377 628 2466 proferebant
656 2376 691 2441 in
722 2377 873 2466 ἐπιζαρίαι
904 2388 936 2443 et
964 2378 1117 2468 ζὲριθραα
1138 2378 1163 2447 i.
1190 2404 1224 2446 e.
1247 2384 1306 2446 ἑπι-

209 2479 314 2567 βαρίω
337 2491 370 2546 et
389 2479 574 2565 βάραθρον,
605 2479 666 2547 illo
687 2476 784 2542 etiam
805 2477 983 2567 Euripides
1003 2497 1085 2546 usus
1107 2490 1159 2546 est
1180 2482 1302 2550 Phoco.

208 2578 272 2664 45,
297 2582 357 2648 hoc
377 2578 627 2648 Macedonicum
649 2579 769 2644 dicitur
790 2580 831 2645 ab
853 2579 1026 2647 Eustathio
1047 2606 1081 2671 p.
1105 2583 1194 2668 695,
1218 2587 1260 2652 34
1278 2597 1305 2653 ct

209 2681 313 2768 1715,
336 2683 389 2750 38.
432 2683 514 2750 lude
536 2682 706 2747 Porsonus
728 2680 770 2744 ed
790 2680 872 2746 Eur.
895 2682 919 2747 l.
943 2683 968 2748 l.
1015 2683 1223 2756 Arcadicum
1241 2709 1305 2754 esse

210 2783 397 2874 suspicatus
418 2795 470 2851 cst
490 2787 581 2862 ζὲλλω
601 2806 662 2871 pro
684 2781 805 2867 βάλλω,
841 2783 931 2870 quod
954 2782 1092 2850 dialecto
1114 2810 1184 2852 non
1209 2792 1305 2856 noni·

207 2881 283 2950 nata
302 2887 441 2952 traditur
461 2885 502 2952 ab
525 2885 693 2974 Hesychio
716 2907 743 2950 s.
765 2907 798 2950 v.
822 2885 953 2970 ζίλλειι,
991 2885 1114 2969 βάλλειν
1135 2899 1171 2953 ct
1201 2889 1302 2977 ἕζιλιι,

137 3017 144 3026 ·
209 2983 317 3069 ἔβαλεν
338 2999 370 3052 et
391 2987 446 3054 Et.
469 2985 516 3051 M.
539 2986 621 3066 408,
644 2987 688 3053 42
714 2986 806 3062 ζὲλίω
827 2984 862 3050 cd
884 2985 1006 3070 βάλλω,
1041 2986 1117 3054 ὅθεν
1139 2991 1257 3066 ζίλλειν
1276 2991 1303 3060 τί

208 3085 343 3172 βάλλειν.
364 3126 406 3140 -
449 3088 516 3154 Pro
545 3091 661 3174 κλῆρος
681 3086 827 3152 Arcades
842 3087 1003 3172 ‘dixerunt
1022 3091 1164 3178 αρᾶρος,
1201 3105 1241 3162 ut
1259 3119 1303 3184 ap·

207 3199 301 3278 paret
322 3215 340 3256 e
361 3186 493 3256 nomine
513 3188 620 3254 tribus
641 3192 828 3275 Κραριαίται
851 3213 903 3254 ιιι.
921 3191 1018 3278 1514,
1041 3216 1139 3282 quam
1163 3196 1301 3263 Pausaa.

208 3289 294 3355 vl11
301 3336 312 3375 ,
335 3290 395 3385 53,
420 3291 439 3356 3
461 3294 640 3376 Κλαρεῶτις
660 3301 764 3358 vocat.
818 3289 1037 3382 Comparaudi
1059 3304 1136 3360 suut
1158 3299 1302 3390 antiquo·

208 3416 283 3458 rum
303 3391 558 3460 Atheniensium
579 3392 764 3480 ναύαραροι.

244 3619 272 3686 1)
307 3617 431 3687 Hesych.
455 3615 608 3692 Εὗιρηίιιι
630 3615 693 3679 cov's
710 3615 766 3674 aiud
784 3615 895 3689 Εὕτρηι
919 3621 990 3688 (leg.
1007 3614 1183 3690 Ειίτρηοίοα)
1211 3621 1304 3678 attiae

206 3701 255 3774 τῆς
275 3699 442 3775 Ἀρκαδίας·
465 3704 592 3778 Δωριαῶι
610 3703 639 3764 dd
656 3708 747 3778 ιίρηαι
768 3704 954 3776 Τηλικλιίδηι·
978 3703 1054 3762 ottus
1070 3703 1124 3780 ydp
1143 3705 1239 3768 εἰπεῖν
1255 3709 1304 3778 Ei-

206 3793 338 3865 τρηαίιαι.

241 3889 271 3954 2)
306 3887 385 3941 Eust.
404 3889 472 3956 999,
490 3890 532 3944 27.
552 3886 585 3944 τί
604 3888 750 3960 ἐπέβρισαν
759 3927 769 3954 ,
793 3882 830 3942 dis
847 3907 928 3957 φασιν
945 3885 973 3942 αι1
988 3885 1118 3956 nodaret,
1137 3887 1303 3964 ἓπιζᾶρηαιι

207 3971 237 4028 οί
250 3969 385 4044 ’Aeneidos
401 3978 495 4044 φασίν·
512 3970 581 4030 ὅθεν
597 3983 642 4031 καί
658 3969 730 4044 παρ’
745 3969 885 4048 Ειίριπίδῃ
900 3971 946 4027 ιδ·
965 3971 1093 4042 {negdeca
1110 3977 1226 4047 Σφίγξ·
1242 3976 1303 4035 eidi

127 4117 129 4124 ,
206 4065 255 4114 aaa
272 4060 407 4132 ζίριθραν
423 4058 456 4114 cd
473 4059 623 4133 βάραθρον
639 4058 668 4114 αιι
683 4057 761 4116 adest
777 4081 870 4131 φασιν,
894 4058 928 4114 αὖ
945 4057 1017 4115 πάνυ
1036 4058 1133 4128 δῆλον,
1157 4061 1185 4118 εἰ
1200 4064 1243 4134 μή
1261 4067 1303 4135 ῥη-

207 4141 260 4202 tois
285 4164 338 4200 που
364 4144 492 4218 εὖρεθιίη
517 4146 737 4219 παρασημαιιθίν
765 4143 821 4202 dud
850 4164 922 4202 cavos
946 4145 1161 4219 γλωσσογράφοι».
1218 4151 1302 4207 Surb.

207 4233 291 4296 vul·
311 4249 339 4303 p.
355 4235 486 4307 saaca.
505 4233 559 4292 cois
576 4232 748 4308 βαράθρων,
766 4228 784 4288 3
804 4232 930 4292 ααίιῖιιιιν
946 4233 975 4292 οί
990 4230 1123 4308 'Aquita
1139 4235 1273 4312 ζίριθμ
