2710 4820
111 451 115 458 s
173 341 284 479 *tsi
411 400 414 408 ·
655 357 851 462 Appendix.
891 409 895 414 -

207 548 272 630 otti
297 564 420 633 aala'orot
448 550 514 656 u't'a'ty
539 553 655 654 initae,
689 569 724 635 ἓν
747 568 887 660 τῆπιάρῳ
918 570 945 637 a'
966 569 1107 660 ἓνὲχοιτο-
1123 576 1168 657 τῷ
1185 542 1288 638 'uruit'
1347 543 1348 624 l

205 670 378 757 t'tentarit
392 672 432 756 ⁸)·

203 841 483 862 μ-υι-ι--ι--η

132 971 136 980 ·
203 956 359 1013 tantulus
376 952 545 1009 descendere
562 961 689 1024 poterant
704 950 834 1024 tarpeios,
852 949 994 1024 λατριιόω,
1013 969 1085 1022 quae
1099 957 1287 1016 condemnere

204 1041 262 1096 rim
288 1041 430 1116 haberent.
476 1040 569 1109 Igitur
585 1035 737 1094 ἅποτίνοιεν
753 1035 886 1093 citano
901 1039 954 1100 Διῒ
970 1039 1177 1113 λατρειοῦμινον
1201 1045 1287 1114 potius

202 1127 373 1202 interpretor
396 1119 576 1198 oixtaoripto'vov
602 1125 621 1180 i.
645 1143 671 1181 e.
694 1125 866 1180 talentum
890 1125 1054 1198 solvant,
1088 1119 1186 1196 q'notl
1212 1129 1287 1184 Jori

202 1213 391 1285 peculiare
407 1213 482 1272 fiat
519 1212 578 1274 Gur
593 1227 661 1269 vero
678 1209 878 1285 lorprstoiptvou
894 1212 1098 1286 scripserimus,
1115 1215 1183 1269 vide
1201 1221 1286 1272 noti

202 1301 384 1369 εῑΜῌ.
479 1304 481 1309 ’
583 1301 645 1325 '·
1076 1362 1081 1370 N

238 1401 267 1466 7)
303 1385 422 1465 Rani,
445 1395 503 1452 vltl.
524 1411 567 1450 nr.
585 1397 616 1466 43
643 1393 785 1449 duriorem
808 1397 1038 1451 constructionem
1061 1393 1096 1452 τα·
1118 1393 1228 1468 γράφει
1247 1395 1287 1466 εξ,

201 1483 349 1552 literas,
373 1499 458 1551 quae
481 1483 541 1538 hic
566 1481 746 1561 leguntur,
780 1481 859 1534 rudis
881 1483 1014 1537 sermonis
1036 1483 1147 1537 indoles
1171 1493 1285 1541 excusat.

200 1568 332 1626 Ceterum
348 1568 523 1624 Boeckhinm
540 1579 615 1622 recte
631 1563 738 1638 γράφω
754 1583 806 1638 per
821 1565 970 1640 γρᾶῥματα
993 1569 1208 1641 interpretatum
1223 1587 1283 1636 csse,

200 1665 297 1712 nostra
312 1653 484 1723 sequentium
501 1653 694 1725 interpretatio
712 1653 800 1722 magis
818 1649 970 1712 confirmat.

205 1810 212 1830 Ι
234 1753 265 1816 8)
289 1743 334 1805 B.
357 1749 417 1805 atto
434 1743 521 1819 δὸμόσ
537 1745 608 1818 ἔντ’,
633 1746 737 1819 ἕπιᾶρῳ
755 1745 785 1804 κ’
804 1746 919 1816 ἕνέχοιτο
936 1746 974 1820 τῷ
990 1743 1096 1804 'noia'
1120 1747 1288 1822 ἒγραμμένῳ,

199 1835 306 1891 multa
323 1849 421 1890 sacra
436 1831 575 1890 tenetur
591 1833 648 1888 hic
663 1835 808 1905 scripta.
842 1835 971 1890 offendit
987 1835 1016 1888 in
1035 1835 1078 1889 his
1093 1837 1219 1906 primum
1237 1854 1288 1889 vox

198 1919 256 1977 ἐντὶ
273 1931 301 1976 et
317 1922 392 1989 quod
411 1921 486 1975 certe
503 1931 777 1991 supervacaneam,
801 1930 829 1975 et
845 1931 961 1990 propter
978 1923 1102 1976 formam.
1146 1923 1221 1975 Nam
1239 1921 1289 1976 inl

199 2025 254 2080 pro
277 2006 333 2063 ἐπὶ
356 2008 429 2078 apud
447 2008 625 2065 Theocritum
650 2008 753 2076 legitur
776 2016 804 2062 et
826 2005 855 2060 in
873 2005 1117 2078 Pythagoreorum
1144 2009 1230 2062 libris
1248 2026 1288 2062 re·

198 2094 325 2148 certiore
353 2103 441 2148 aetate
468 2091 593 2163 scriptis,
627 2091 683 2146 non
717 2092 821 2161 legitur
844 2091 919 2162 apud
944 2093 1116 2161 antiquiores
1138 2095 1289 2164 scriptores

197 2179 336 2248 Doricos,
360 2193 395 2233 ne
411 2178 521 2234 Siculos
543 2177 655 2248 quidem
672 2178 868 2250 Epicharmum
890 2187 918 2232 et
933 2177 1123 2250 Sophronem,
1145 2176 1241 2248 neq'ue
1263 2183 1289 2233 in

196 2267 266 2320 ullis
283 2263 373 2320 titulis
388 2266 518 2332 Doricis,
541 2273 586 2332 et,
606 2279 689 2331 quum
706 2274 851 2333 praeterea
867 2262 943 2317 omni
959 2265 1088 2332 analogia
1105 2278 1220 2334 careat,
1247 2282 1288 2320 re-

195 2342 331 2404 centioris
355 2351 481 2405 Dorismi
507 2351 681 2420 corruptelae
707 2349 805 2403 deberi
827 2348 956 2417 videtur,
978 2359 1008 2405 ut
1029 2347 1218 2408 toutonem.
1239 2370 1289 2423 pro

197 2433 367 2492 ἅναὸείκνυτι
386 2437 416 2491 in
438 2435 522 2492 titulo
538 2436 650 2491 Cretico
665 2435 696 2491 G.
714 2435 738 2492 l.
762 2443 804 2490 nr.
822 2437 900 2491 3050.
952 2435 1065 2492 Βεὶῃὲε
1086 2435 1202 2510 intepet
1228 2441 1286 2493 ie.

95 2593 101 2601 1
197 2521 305 2592 ἔφίεροσ
325 2523 349 2578 si
368 2540 422 2576 nort
439 2539 511 2577 nova
527 2541 598 2589 vox,
624 2539 712 2576 novae
729 2531 804 2575 certe
825 2521 1040 2592 significationis
1060 2534 1102 2578 est
1119 2541 1213 2592 neque
1232 2528 1288 2592 ejus

197 2609 281 2663 valde
298 2607 462 2680 probabilis.
502 2609 635 2676 Denique
650 2623 706 2661 non
723 2607 851 2676 serimus,
866 2609 971 2688 cuod,
996 2608 1045 2675 qui
1063 2609 1172 2664 tabulas
1190 2611 1288 2677 laedit,

197 2694 294 2748 eadem
313 2696 398 2749 multa
415 2695 557 2762 multatur,
581 2709 636 2762 qua
652 2689 701 2762 qui
713 2693 817 2764 'foedus
836 2693 930 2748 violat
964 2685 1127 2749 Boeckhins
1145 2707 1289 2768 comparat

197 2779 275 2834 diras
291 2781 422 2849 Tejorum
439 2781 471 2835 G.
488 2783 512 2834 1.
530 2782 614 2848 3044,
632 2779 681 2833 nbi
698 2779 797 2833 iisdem
815 2779 886 2832 diris
903 2779 1092 2848 devoventur,
1111 2781 1162 2848 qui
1181 2784 1288 2846 tabulas

195 2862 327 2920 iaeserint
344 2876 372 2920 et
390 2865 439 2934 qui
456 2867 603 2920 civitatem.
638 2869 677 2921 At
692 2867 846 2921 exsecratio
863 2869 937 2934 ejus,
956 2866 1005 2934 qui
1024 2865 1143 2920 tabulam
1162 2869 1288 2922 laesurus

194 2951 247 3018 sit,
274 2943 354 3022 apta,
380 2967 434 3005 non
453 2962 516 3025 apte
533 2955 619 3008 multa
635 2953 743 3008 centum
761 2953 923 3007 talentorum
941 2951 1046 3005 homini
1064 2953 1184 3007 tortasse
1202 2971 1286 3023 egen·

60 3055 63 3062 ·
163 3069 168 3084 ι
196 3035 303 3090 tissimo
320 3037 468 3107 irrogatur.
505 3039 599 3094 illinus
616 3028 697 3094 etiam
715 3039 839 3110 placent,
860 3055 932 3106 quae
949 3039 1123 3092 Hermannus
1140 3042 1287 3108 excogita-

182 3121 246 3179 ¹vit.
282 3122 374 3178 unare
395 3141 494 3179 novam
516 3125 771 3197 interpretationem
792 3141 950 3196 proponere
973 3123 1161 3194 anciranus,
1188 3124 1222 3180 ἓν
1238 3123 1288 3194 τή-

196 3206 287 3278 πιάρῳ
311 3207 449 3278 legentes,
488 3211 565 3279 quod
588 3208 666 3278 erui
686 3209 789 3281 incripta
807 3211 914 3266 Dorico
930 3227 1014 3265 more
1031 3219 1123 3264 natum
1146 3222 1287 3282 putamus.

127 3323 129 3334 ι
195 3294 341 3355 Jamvero
359 3293 470 3368 inlotos
487 3315 548 3367 cnm
564 3298 712 3352 Boeckhio
737 3315 789 3370 pro
807 3295 927 3368 iplapot,
952 3297 1002 3352 sed
1028 3295 1111 3352 simul
1132 3293 1152 3350 oi
1175 3294 1289 3368 ἒπίαροε

194 3395 251 3432 non
269 3379 408 3436 diversum
432 3399 492 3437 esse
509 3394 635 3456 putamus
650 3385 686 3438 ab
703 3377 820 3453 ineptis
835 3383 892 3438 vid.
917 3385 941 3452 0.
958 3384 991 3451 t,
1008 3385 1034 3438 6.
1052 3395 1075 3438 s.
1092 3397 1120 3436 v.
1145 3381 1225 3456 Ῑροςς
1253 3385 1289 3438 tle

193 3461 386 3521 terminatione
410 3480 511 3533 mutata
532 3473 689 3526 conteratur
714 3481 825 3542 praeter
846 3471 902 3524 alia
922 3466 940 3524 ai
962 3465 1124 3540 σοῦγγραφος
1145 3471 1177 3524 in
1203 3471 1289 3526 titulo

193 3547 329 3604 Boeotico
347 3553 428 3621 1569,
452 3571 468 3610 a
489 3573 541 3626 pro
564 3555 710 3629 συγγραφή.
750 3558 883 3613 Formula
904 3573 959 3611 non
977 3555 1033 3611 alia
1051 3565 1135 3624 atque
1153 3555 1185 3610 in
1205 3557 1289 3612 Diris

193 3637 325 3706 Tejorum
342 3637 374 3693 G.
391 3640 414 3692 1.
421 3632 516 3711 0044,
533 3645 567 3700 34
584 3643 614 3698 ἕν
630 3641 741 3720 τῆπαρῇ
755 3645 880 3710 ἔχεσθαι,
906 3643 1041 3698 sententia
1057 3642 1139 3696 haec:
1168 3643 1202 3698 si
1227 3641 1288 3712 qni

191 3723 331 3779 tabulas
362 3725 527 3801 laeserit,
559 3730 816 3804 deprecatione
846 3739 982 3806 tene-tor
1010 3745 1067 3800 eo,
1103 3729 1202 3798 quod
1235 3731 1289 3785 hic

191 3809 443 3882 scriptumest.
