2748 4832
213 313 243 407 6.
270 317 304 392 8.
356 315 412 388 De
439 294 676 407 duplicatione
701 307 929 406 liquidarum.
1057 297 1108 376 55

54 519 159 606 ubique
175 516 421 606 duplicationem
444 513 588 605 liquidae
610 515 759 602 vulgatae
778 511 894 577 rationi
917 503 1110 597 praetulisse

51 620 194 684 videntur.
240 618 369 707 Quippe
382 619 572 706 saepissime
585 615 745 703 reperitur
762 625 836 705 post
856 615 889 696 τ’,
911 609 1016 676 rarius
1036 611 1113 692 post

50 724 71 802 i,
92 721 184 784 semel
197 731 272 807 post
286 722 302 782 a]
314 720 354 782 ¹iu
367 718 553 802 ὀλοφάρρω,
566 739 731 804 uunquam
751 725 825 804 post
847 715 876 776 ἁ.
923 710 1043 775 Contra
1062 705 1113 768 le-

51 831 156 909 guntur
177 823 274 900 φαίνω
297 819 332 884 S.
356 822 427 884 lv.
451 821 509 904 16,
534 820 592 901 16,
615 818 674 901 25,
696 821 794 903 χαίρω
817 815 852 880 S.
876 812 929 878 64.
952 811 1011 893 56,
1033 829 1114 890 μαρ-

50 925 136 1006 μαίρω
156 921 199 986 Α.
222 922 261 1005 7,
295 923 421 1002 μέλαινα
443 920 479 985 S.
503 923 540 1003 1,
566 919 624 1002 10,
657 917 796 1003 μάκαιρα
824 915 859 980 S.
883 916 921 996 1,
944 912 984 976 13
1006 917 1038 972 et
1057 904 1110 971 67.

50 1023 85 1086 el.
107 1021 202 1088 Seidl.
225 1047 259 1111 p.
284 1023 356 1088 181.
410 1021 515 1084 Tanta
535 1021 636 1106 igitur
656 1020 692 1083 in
713 1018 766 1082 bis
787 1027 837 1082 est
857 1011 1055 1105 constantia,
1078 1015 1116 1072 ul

51 1123 174 1189 Lesbios
204 1134 280 1211 post
312 1125 332 1185 ἆ
359 1123 521 1210 duplicem
548 1120 706 1209 liquidam
727 1141 786 1206 pro
809 1113 950 1202 simplici
970 1111 1033 1196 etj
1055 1131 1111 1195 po·

51 1247 116 1288 nere
135 1225 279 1289 uoluisse
302 1225 369 1289 lere
391 1234 512 1288 eertum
534 1223 691 1286 videatur.

122 1325 157 1405 6)
188 1326 253 1390 llis
284 1324 432 1389 addimus
453 1326 538 1408 alia,
567 1323 602 1386 in
624 1322 746 1410 quibus
767 1319 886 1407 duplex
907 1314 1047 1380 Aeolum
1073 1308 1113 1375 li-

53 1412 302 1514 quida-ejecto}
327 1427 485 1514 originem
507 1425 615 1490 debet.
660 1423 805 1486 Primum
835 1419 969 1490 κιέννος
989 1413 1038 1492 2²)
1074 1433 1115 1474 ⁶¹

53 1527 169 1616 antiquo
190 1552 295 1600 κενιος
316 1539 424 1592 natum
446 1551 531 1611 esse,
554 1537 586 1592 et
608 1525 728 1612 duplex
749 1519 922 1587 Homerica
943 1517 1045 1582 forma
1065 1509 1115 1574 in-

54 1627 126 1692 dieat
144 1628 242 1704 κεινὸξ
259 1639 292 1692 et
312 1627 413 1702 κενεὰς
440 1639 472 1692 et
493 1627 694 1692 Sanseritum
723 1648 798 1714 qun
802 1624 861 1709 ja,
886 1619 953 1687 vid.
976 1617 1053 1681 Pott
1073 1613 1115 1677 E.

54 1729 141 1794 llll.
173 1753 208 1812 p.
230 1735 284 1797 53.
352 1730 439 1794 fluia
471 1740 575 1794 autem
610 1725 776 1792 simillima
807 1732 883 1788 sunt
918 1721 1054 1795 ξέννος
1085 1721 1117 1776 et

54 1823 198 1905 οτέννος
219 1834 268 1912 ²³)
301 1856 359 1919 pro
373 1830 508 1895 leniris
530 1832 625 1905 ξεῖνος
654 1837 686 1892 et
708 1823 843 1908 στεινὰς,
882 1831 918 1886 ut
939 1820 979 1884 de
1007 1815 1120 1882 eadem

54 1930 166 2018 origine
186 1933 242 1997 vix
264 1933 411 1997 dubitare
433 1933 541 1996 liceat.

125 2032 253 2100 Deinde
274 2037 338 2097 bue
361 2031 524 2120 pertinent
543 2029 680 2117 Aeolica
695 2029 736 2102 ²4)
762 2024 946 2109 Πε’ρ’ῥαμος,
971 2016 1120 2099 adaequa,

55 2130 239 2221 άλλότερρος,
265 2136 414 2219 ’με’τερρος
434 2155 494 2222 pro
515 2131 657 2221 volgatis
680 2131 844 2215 Πρίαμος,
875 2122 1009 2208 κόπρια,
1034 2112 1122 2180 ἀλλό-

60 2310 325 2324 ”w

56 2427 126 2475 quum
148 2413 290 2482 Boppium
318 2412 356 2476 (l.
378 2413 438 2465 366.
457 2411 515 2464 566.
538 2409 605 2468 561)
630 2416 658 2460 et
678 2402 800 2458 Pettium
823 2399 876 2467 (11.
903 2414 931 2467 p.
950 2397 991 2451 30.
1009 2388 1125 2454 38911.)

55 2495 144 2550 sinilia
158 2499 286 2566 judicare
303 2497 429 2550 vidimus.

83 2594 122 2658 11)
156 2595 244 2664 Greg.
271 2593 336 2646 Cor.
355 2595 420 2659 669,
445 2605 599 2658 quanquam
616 2581 791 2638 Herodianus
809 2567 943 2634 Aeolibus
967 2575 1057 2626 κένννς
1078 2567 1127 2620 ab·

52 2675 151 2740 judicu.
169 2681 226 2734 vra.
247 2695 289 2730 nr.
309 2683 349 2732 ιι.
1067 2657 1068 2662 ’

84 2777 124 2841 13)
157 2775 200 2829 De
223 2773 312 2837 ξέννος
332 2771 484 2826 Herodian.
509 2772 554 2824 Et.
573 2770 612 2823 Μ.
631 2770 699 2832 581,
717 2767 766 2832 46,
792 2763 891 2816 Clroer.
909 2756 975 2819 141,
994 2754 1036 2804 19.
1062 2744 1127 2812 (ubi

57 2860 117 2912 nale
143 2861 215 2926 ξένος
241 2859 406 2926 scribitur),
437 2858 482 2910 Et.
511 2857 545 2910 G.
569 2857 636 2920 413,
658 2855 691 2906 43
715 2860 742 2902 et
763 2850 829 2912 414,
852 2847 894 2898 17.
922 2840 976 2892 vid.
1000 2843 1056 2888 not.
1076 2835 1126 2900 48,

56 2942 148 3001 Scholl.
166 2949 263 3002 Tzetz.
282 2945 353 3000 chit.
377 2944 406 2996 in
424 2944 495 2996 Anu.
516 2944 570 2994 Ox.
588 2941 649 3003 ΙΙΙ,
668 2939 733 3004 356,
752 2938 794 2990 16.
816 2926 994 2991 στενώτατος,
1010 2916 1129 3016 landap-

57 3046 107 3097 τος,
131 3031 278 3090 sandratus
304 3036 349 3084 nal
370 3026 406 3084 τά
424 3024 505 3097 ὅμοιοι
528 3023 631 3097 μεγάλοι
648 3021 747 3094 γράφε,
772 3012 902 3076 Αἰολικῶς
919 3010 947 3068 δὲ
964 3005 1066 3082 μικρά,
1084 2999 1129 3060 ὃτι
1215 3027 1217 3032 v

58 3111 97 3168 διά
112 3115 157 3190 δάρ
171 3109 206 3173 ὀἷ’
222 3115 355 3190 γράφεται
372 3113 555 3179 στεννάτιιτος,
574 3101 740 3174 triobrem,
758 3101 927 3160 ειεννότοτος·
951 3095 979 3152 οἰ
995 3093 1023 3150 δὲ
1043 3085 1129 3162 μικρά

58 3199 135 3258 tuito
161 3203 308 3276 γράφοντες
334 3199 415 3256 ἄλλως
442 3195 619 3271 aleatorium,-
649 3194 777 3250 similiter
799 3190 892 3245 Treta.
917 3185 951 3240 ad
971 3185 1035 3236 Hes.
1055 3181 1129 3248 Opp.

58 3287 111 3341 4¹²·
154 3293 292 3360 vulgatae
318 3290 428 3358 linguae
452 3285 645 3341 adscribuntur
665 3285 814 3346 νένοτερος,
840 3269 990 3340 στενότερος
1008 3283 1023 3320 a
1041 3265 1143 3324 Ghoe-,

59 3374 112 3426 ¹'⁰b·
129 3377 221 3430 Bekk.
242 3379 318 3442 1186,
338 3372 494 3428 στενότατος
511 3383 538 3424 et
554 3365 693 3424 κενότατος
711 3365 739 3418 iu
757 3363 801 3416 Et.
821 3362 860 3416 M.
879 3359 940 3423 175,
959 3357 1001 3419 56,
1018 3353 1132 3418 ejusque

61 3459 95 3510 rei
113 3477 191 3514 cansa
208 3479 245 3514 ex
262 3461 382 3527 antiquis
400 3459 496 3514 formis
512 3453 598 3510 κοινός
616 3464 642 3508 et
658 3447 759 3506 στεινὸς
776 3445 919 3517 repetitur.
954 3441 1023 3494 dure
1036 3437 1072 3490 de
1089 3436 1134 3488 his

61 3544 215 3600 testimoniis
233 3548 384 3601 dubitatum
402 3554 443 3598 est
469 3543 537 3612 (vid.
556 3544 659 3596 Buttm.
676 3540 714 3592 A.
734 3537 766 3591 G.
784 3536 807 3600 ᾗ.
825 3535 869 3600 65.
887 3530 970 3583 Aram.
989 3527 1041 3592 4),
1067 3521 1133 3590 quia

60 3632 156 3685 vocalis
174 3634 310 3700 quantitas
334 3631 437 3702 pendet
460 3645 477 3682 a
499 3629 630 3698 rhythmo
655 3639 744 3690 neque
765 3635 798 3674 ea
821 3625 878 3684 est,
905 3630 976 3684 qnae
1002 3629 1039 3665 ex
1064 3607 1134 3662 anti-

60 3715 152 3779 quiore
177 3719 273 3787 lingua
288 3717 403 3773 retineri
427 3714 523 3786 possit.
560 3714 650 3768 Quare
667 3711 796 3764 Tzetzem
819 3707 932 3772 ejusque
955 3695 1135 3754 Scholiastern

60 3801 164 3856 veriora
182 3805 305 3872 tradere,
332 3803 570 3865 Choeroboscum,
598 3798 670 3850 uude
687 3796 841 3858 fluxerunt,
868 3804 938 3856 quae
959 3794 1022 3840 sunt
1044 3783 1072 3836 in
1090 3781 1135 3834 m.
1200 3813 1203 3818 ·
1271 3811 1273 3816 -

60 3884 113 3953 m,
130 3899 175 3943 aut
192 3890 376 3956 antiquiorem
389 3887 601 3942 Grammaticum
621 3885 691 3936 male
708 3881 743 3934 ad
763 3879 903 3946 vulgarem
920 3873 1068 3926 dialectum
1086 3863 1136 3918 ad-

61 3967 179 4028 hibuisse
197 3976 300 4045 credo,
318 3992 389 4043 quae
406 3975 441 4028 de
459 3972 574 4028 Aeolica
592 3969 692 4024 tradita
709 3975 793 4020 erant.

93 4087 136 4150 24)
171 4089 217 4142 Et.
234 4089 273 4144 llll.
293 4092 359 4154 665,
377 4091 419 4144 46.
446 4087 608 4158 Πέῥραμνς,
631 4084 757 4150 Πρίαμος
775 4073 920 4134 Αἰνλινοῖε·
947 4067 1016 4123 udas
1040 4045 1144 4132 diali—q

67 4179 107 4226 nol
123 4171 191 4228 πάττ
209 4173 250 4234 ἕεις
273 4183 317 4231 καὶ
334 4175 403 4230 ἔστιν’
421 4171 520 4243 εἰπεῖν,
542 4165 586 4226 ὅτι
602 4167 650 4223 ἐάν
666 4163 808 4235 ςάμφωνον
827 4162 1003 4228 ἐπιφέρηται,
1019 4147 1061 4207 iv·
1082 4150 1139 4206 οἷον

928 4261 937 4292 l
