2712 4820
55 306 83 397 t.
109 305 165 382 15.
217 307 273 378 De
298 303 379 382 aliis
404 305 499 404 long.
523 306 705 380 vvocal'et
729 303 935 408 diphthong.
962 322 1029 382 eto.
1081 309 1132 394 95

55 515 202 596 certiora,
234 514 434 597 atridem,
463 495 611 604 exempla
634 511 790 597 afferunt,
812 511 961 592 αντῆνιρ
973 527 1012 580 ει
1024 517 1130 601 pnpil-

53 627 119 682 mov
139 641 199 708 pro
220 615 353 702 ἀκτῖνες,
383 615 554 698 ψιμύθιον,
588 615 676 680 unde
703 617 799 681 solito
828 639 917 680 more
945 617 1027 701 alia,
1061 644 1128 685 non

53 745 119 784 vcre
139 719 274 784 Aeolica
297 718 510 806 explicantur.
542 718 628 794 ¹llio
648 716 766 780 addere
794 716 871 782 lieet
893 721 1044 804 Κυθὲρηα
1069 741 1130 809 pro

52 822 212 903 Κυθέρεια,
236 819 324 906 quod
347 818 433 883 §.43
456 843 473 884 e
495 821 582 884 hono
604 819 690 883 libro
711 817 832 906 legitur
853 831 886 885 et
906 845 924 885 a
946 823 1130 910 grammati-

50 923 96 986 cis
117 917 167 1008 (ξ.
192 923 242 985 14.
268 931 334 985 not.
360 916 400 1007 l)
422 923 452 985 ἴῑ
472 921 609 986 Aeoliae
636 919 672 983 in
700 922 855 996 ematati
879 924 1060 1011 exemplum
1082 926 1129 989 al·

53 1027 164 1107 lectum
202 1047 276 1086 nam
302 1022 330 1086 si
359 1046 578 1112 comparamus
600 1004 746 1110 duplices
773 1023 894 1088 formas
912 1019 1074 1105 ΙΚυθέρεια
1097 1037 1130 1092 et

53 1126 205 1211 Κύθειρα,
240 1123 418 1204 εὐπατέρεια
440 1135 472 1189 et
493 1123 685 1210 ἀντιάνειρα,
716 1125 840 1210 χερείων
862 1127 1040 1210 εἴχείρων,
1072 1123 1129 1192 eil-

54 1227 141 1309 ditis,
183 1249 267 1314 quac
299 1225 339 1289 de
374 1226 605 1291 femininorum
640 1237 672 1291 et
700 1225 984 1313 comparativorum
1012 1230 1129 1298 lroruue'

53 1329 170 1417 origine
198 1327 385 1392 monuimus
418 1322 470 1414 (ἓ.
494 1328 531 1410 8,
556 1324 615 1414 5),
650 1328 847 1417 antiquiores
873 1328 992 1393 formas
1022 1329 1131 1396 fuisse

53 1439 176 1516 apparet
190 1429 353 1510 Κυθέρια,
377 1426 558 1512 εὐπανέρια,
582 1432 703 1514 χορίων.
749 1429 878 1494 Deinde
900 1431 1129 1502 eandemmu«

51 1533 192 1596 tationem
215 1553 392 1618 agnoscere
406 1541 531 1618 oportet
551 1531 586 1594 in
607 1530 782 1615 ’Υρῥάὸηῳ,
806 1531 891 1619 quod
912 1533 1128 1620 econjectura

52 1633 217 1721 repositum
238 1642 289 1692 cst
308 1631 384 1694 Alc.
408 1632 461 1708 73,
485 1655 584 1719 quum
604 1632 737 1720 plurimi
758 1644 856 1697 testes
878 1635 1053 1700 Aeolicum¹
1070 1661 1128 1726 pa·

52 1733 254 1821 tronymieum
280 1732 450 1814 Ὓρράδιος
477 1733 621 1811 tradant,
651 1733 718 1797 vid.
749 1727 779 1818 ἓ.
804 1733 864 1818 303
895 1757 955 1798 nec
976 1736 1126 1815 minusn·

52 1846 94 1897 est
112 1857 168 1922 pro
183 1834 211 1892 ,ῑ
233 1832 268 1894 in
290 1831 485 1913 πεμνιεβὸηα,
520 1834 606 1921 quod
639 1834 771 1898 elibris
799 1859 858 1924 pro
880 1844 986 1918 -βοεια
1007 1839 1127 1925 legitur

53 1933 164 2024 Sapph.
187 1933 248 2009 49,
273 1933 347 2020 quia
368 1935 454 2022 apud
477 1934 599 1998 Acolcs
620 1935 794 2021 adjectiva,
818 1939 982 2000 materiem
1003 1939 1126 2024 signill-

52 2038 162 2116 cantia,
185 2037 221 2098 in
235 2031 278 2102 'io-e
295 2045 429 2109 exeunt,
453 2045 488 2097 ut
508 2035 656 2118 χρύσιος,
678 2035 744 2100 vicl.
768 2030 799 2122 §.
824 2037 875 2114 10,
898 2039 930 2100 4.
954 2077 995 2088 --
1038 2041 1128 2102 Aeo-

52 2138 127 2200 libus
163 2163 229 2202 non
264 2135 429 2226 proprium
462 2148 511 2199 est
543 2137 609 2212 ἥκω
639 2161 656 2200 c
685 2137 793 2200 radice
830 2143 860 2200 ἱκ
889 2137 924 2201 in
953 2138 1127 2216 ἀνηκόντων

52 2237 137 2301 Cum.
159 2242 230 2317 22,
250 2237 335 2300 unde
357 2260 432 2300 vera
453 2237 579 2302 videtur
599 2238 729 2327 antiqua
749 2238 845 2302 lectio
866 2239 938 2316 ἥκει
959 2239 1080 2330 Sapph.
1104 2244 1126 2308 2

49 2357 78 2401 ι.
99 2341 118 2406 8
139 2353 170 2406 et
190 2341 254 2418 ἥξω
277 2337 313 2403 S.
337 2337 398 2415 59,
422 2339 509 2427 quod
532 2338 601 2402 sine
621 2339 715 2414 libris
735 2351 913 2424 mutarunt3
936 2365 1040 2430 neque
1060 2367 1137 2420 rna·¹

52 2440 95 2525 gis
121 2444 271 2525 ἐπήβολος
299 2463 358 2529 pro
386 2431 547 2520 ἐπίβολος,
586 2442 672 2528 quod
705 2463 780 2530 pars
812 2442 966 2506 librorum
994 2446 1126 2532 praebet

52 2544 126 2628 apud
155 2543 296 2618 Thcoer.
326 2541 386 2624 28,
416 2543 457 2624 2,
499 2541 635 2632 reliquis
671 2543 823 2625 ἐπάβολος
860 2543 935 2608 vix'
953 2544 1124 2612 Aeolicum

53 2646 215 2709 tuentibus,

125 2745 197 2812 lam
220 2769 295 2810 vero
325 2745 359 2807 in
381 2743 433 2807 his
455 2743 619 2819 omnihus,
653 2742 681 2806 si
702 2767 800 2807 unum
821 2742 962 2830 excipias
985 2744 1123 2824 ἀκτιῖνες,

53 2845 136 2930 cujus
165 2847 333 2912 obscurior
360 2845 459 2920 ratio,
494 2847 515 2921 ἦ
546 2843 685 2930 positum
713 2857 762 2906 cst
787 2869 844 2931 pro
873 2856 1018 2932 correpto
1046 2846 1123 2925 iota,

53 2967 146 3034 neque
166 2949 273 3030 minus
295 2946 330 3008 in
352 2943 536 3008 Homericis
558 2943 691 3020 formis,
716 2969 796 3034 quae
819 2946 953 3010 Aeolica
974 2948 1033 3010 lrac
1056 2973 1125 3012 mn-

53 3048 162 3114 tatione
192 3047 404 3134 explicantur.
455 3043 593 3108 Videtur
614 3056 717 3108 autem
747 3044 782 3108 in
804 3045 972 3126 omnibus,
1000 3061 1126 3136 praeter

52 3145 130 3226 ἥκω,
152 3149 258 3214 brevis
280 3146 403 3214 vocalis
425 3145 517 3208 inetei
540 3169 633 3208 causo
654 3145 800 3233 produci,
825 3171 1003 3239 quanquam
1026 3149 1060 3211 in
1083 3149 1124 3212 iis

52 3249 185 3329 vocibus,
210 3275 291 3340 quae
313 3249 429 3314 multas
451 3249 564 3312 breves
586 3247 726 3334 syllabas
747 3248 786 3310 ab
806 3247 930 3334 origine
951 3247 1123 3333 habebant,

53 3349 209 3431 productio
231 3352 327 3416 etiam
353 3348 388 3412 in
417 3372 544 3436 prosam
566 3348 740 3412 orationem
762 3359 793 3412 et
814 3347 1033 3436 quotidianum
1055 3373 1124 3414 scr-

53 3466 169 3516 moncm
195 3453 333 3516 transire
361 3461 494 3538 poterat.
549 3447 631 3512 Rem
658 3473 724 3512 non
749 3473 812 3512 una
834 3450 873 3512 de
896 3471 995 3512 causa.
1011 3449 1125 3518 mirem

53 3568 130 3615 nunc
150 3576 215 3619 uon
235 3553 315 3618 licet
336 3551 513 3616 accuratius
533 3560 678 3614 tractare.

54 3715 340 3738 δ’,ἱ-ι--ιι---ιυσ---ι

53 3832 154 3880 utuntur
171 3831 272 3884 Chocr.
293 3830 348 3882 Ox.
366 3830 405 3896 Π,
423 3829 483 3895 241,
502 3833 517 3882 7
535 3837 562 3881 et
579 3829 623 3882 Et.
642 3829 682 3882 M.
701 3832 761 3895 603,
780 3830 820 3884 54.
839 3827 890 3895 (cl.
909 3825 1013 3882 Scholl.
1032 3827 1086 3882 Od.
1096 3844 1125 3892 ιι,

54 3905 108 3971 317)
118 3915 150 3967 ed
161 3915 282 3982 νηλητιῒε
296 3916 506 3984 explicandum
522 3914 622 3966 deiude
630 3916 664 3968 de
675 3912 819 3983 ψηρὺθιον
828 3914 942 3968 Aeolica
952 3916 1022 3974 Anu.
1033 3916 1088 3966 Ox,
1100 3915 1125 3982 1,

54 3991 156 4060 319,21.
191 4002 261 4055 lude
279 4001 421 4067 corrigere
438 4003 597 4070 oportetEt.
608 4002 765 4067 M.123,⁸25,
783 4002 829 4054 ubi
846 4005 928 4066 νηνιω
946 4017 962 4052 e
979 4003 1055 4052 αινίοι
1072 4015 1122 4053 ne·

55 4082 104 4132 lum
119 4084 229 4154 dicitur5
245 4096 276 4142 ut
293 4085 430 4157 ψιμύθιον
447 4085 591 4155 opprimor
609 4086 696 4160 τροπῇ
712 4085 830 4158 Ἰωνινῇ,
848 4088 904 4152 leg.
920 4081 1042 4157 Αἰολικῇ.
1077 4085 1122 4142 Si-

56 4163 149 4221 militer
166 4177 291 4244 νοίριηνον
309 4179 360 4241 pro
378 4177 497 4241 ιιοίμινον
515 4175 656 4230 Aeolicum
673 4173 750 4228 audit
767 4173 870 4228 Scholl.
890 4175 931 4234 A„
941 4171 974 4223 11.
993 4190 1027 4236 ιι,
1047 4174 1105 4226 524.
