2712 4820
353 332 473 425 135.
525 333 802 438 Dedigamma.
954 433 956 438 ,
1042 339 1114 416 171

49 531 210 618 ignorare,
252 533 423 622 aliquando
458 561 518 605 err
536 537 708 604 Homerica
746 537 881 606 dialecto
917 539 1114 608 docebimus.

47 633 110 700 Nec
141 635 292 721 digammi
312 637 485 728 vestigium
507 650 556 704 est
576 639 611 703 in
633 639 793 704 Corinnae
816 643 886 714 ἑοῦς
908 651 940 706 ct
962 643 1014 707 tir.
1048 643 1113 707 vid.

48 729 75 820 ἓ.
98 736 155 820 44,
177 737 207 801 3.
232 774 273 787 -
315 737 389 803 Non
420 740 575 829 scriptum
603 751 651 805 est
683 738 840 827 digamma
866 741 901 805 in
933 741 1008 818 ἄναξ
1037 742 1113 807 Cor.

47 837 83 899 fr.
106 839 176 903 zet
196 831 255 902 ota
284 837 357 925 (pro
379 838 483 926 οἶδα),
521 839 550 904 si
576 851 662 905 recte
690 840 735 906 ita
757 841 994 907 emendavimus
1015 845 1056 910 fr.
1082 846 1113 928 1,

48 937 128 1026 quod
152 937 354 1004 librariorum
375 942 488 1030 culpae
511 940 586 1005 dare
613 949 748 1005 metrum
769 941 925 1007 incertum
946 944 1111 1031 permittit.

77 1041 78 1045 ’
122 1039 290 1106 Bocotieae
323 1041 461 1129 denique
499 1042 665 1108 habendae
699 1055 775 1106 sunt
801 1043 959 1132 Hesychii
988 1047 1117 1134 glossae

47 1142 167 1224 γίξαι,
199 1144 368 1228 χωρῆσαι,
408 1145 556 1226 yr'nor,
588 1143 700 1228 sinor,
739 1147 905 1231 yluooc,
942 1143 997 1232 ἔαρ
1026 1142 1111 1232 (leg.

47 1241 132 1328 ἔαρος
153 1266 226 1308 cum
248 1241 389 1330 Guyeto)
411 1253 443 1306 et
463 1237 525 1328 ylo
539 1294 554 1322 ,
573 1241 668 1309 αὐτοῦ
680 1293 691 1330 ,
712 1245 747 1310 in
769 1245 888 1336 quihus
908 1246 937 1310 Ξῖ
960 1257 991 1312 et
1010 1249 1026 1309 Ξ
1045 1247 1115 1312 ini

46 1354 155 1408 mutata
177 1343 365 1426 dialectum,
388 1368 570 1434 quanquam
589 1370 655 1409 non
676 1341 880 1428 nominatur,
902 1346 1062 1435 produnt,
1084 1357 1116 1414 et
1141 1388 1143 1394 ·

44 1446 60 1529 i
82 1443 173 1512 solito
195 1467 303 1510 errore
323 1469 383 1534 pro
403 1453 437 1512 F
450 1446 592 1535 positum
614 1457 674 1513 est.
728 1448 832 1535 Igitur
853 1447 997 1536 corrigas
1017 1450 1116 1522 ,Ρῖξαι

44 1546 112 1614 lc.
135 1545 211 1622 εἶξαι
218 1593 231 1631 ,
259 1547 384 1629 Εἶπον,
411 1550 548 1634 itaque,
571 1551 650 1636 Flo,
682 1547 722 1614 dc
744 1573 878 1645 quarum
899 1573 1014 1616 vocum
1035 1549 1116 1615 anti·

45 1671 103 1736 quo
123 1647 280 1737 digamma
301 1646 379 1712 satis
402 1658 536 1713 constat.
770 1648 771 1652 ’

118 1751 151 1830 2)
179 1749 220 1813 Iu
246 1747 361 1812 mediis
390 1749 523 1816 vocilrus
551 1748 638 1816 tituli
668 1771 741 1814 raro
762 1749 920 1836 digamma
946 1754 1111 1840 praebent.

44 1850 168 1916 Praeter
201 1848 415 1936 compositum
442 1852 657 1924 ffluoraFo'rrrc
690 1874 740 1914 nr.
771 1852 852 1916 1575
888 1853 972 1931 (vid.
1008 1859 1112 1943 supr.)

44 1951 187 2039 scripturn
207 1948 328 2036 legitur
351 1973 400 2018 nr.
422 1950 502 2017 1583
524 1951 559 2016 in
581 1950 783 2036 domablrdde,
808 1951 995 2032 αὖλαΡυὸὁς,
1020 1966 1114 2018 κιθα-

45 2053 195 2140 ooFodde,
218 2049 439 2143 rooycfilrdde,
462 2051 650 2132 κωμαΡυδός
669 2077 732 2142 pro.
751 2052 942 2136 ῥαψαοιόὁς,
967 2055 1114 2138 ῥαψῳδὸς

44 2168 117 2236 otc,
152 2151 273 2220 deinde
300 2151 336 2216 in
357 2152 543 2216 nominibus
564 2153 706 2243 propriis
728 2152 882 2234 Bourquae
903 2178 954 2218 nr.
979 2156 1060 2222 1639
1082 2168 1114 2221 ct

42 2257 173 2345 EriFoloo
196 2255 231 2320 in
253 2275 395 2316 nummo.
448 2253 615 2319 Interdum
642 2259 727 2319 inter
746 2255 897 2344 vocales,
917 2267 972 2330 ‚ut
991 2257 1028 2321 in
1049 2259 1113 2322 Le·

43 2360 141 2424 slriaea
160 2358 296 2424 dialecto
317 2353 352 2418 in
372 2359 392 2420 ὗ
412 2366 567 2429 mutatum
583 2366 647 2422 esta
671 2354 783 2442 βούων,
806 2355 936 2440 βοὺεσσι
956 2381 1006 2422 nr.
1019 2358 1113 2444 1569,

42 2485 67 2532 a.
89 2460 147 2524 lll.
171 2455 379 2546 alboris,
414 2454 638 2544 Ἀρχεναυΐδας
660 2457 702 2523 N.
726 2458 767 2523 P.
791 2481 841 2522 nr.
866 2458 958 2524 1571.
983 2461 1026 2524 ct.
1050 2484 1114 2526 na·

41 2561 119 2643 vis,
134 2561 259 2646 ”Aorno
282 2556 358 2624 Cor.
382 2559 420 2638 3,
444 2569 479 2625 ut
499 2559 584 2646 apud
603 2557 726 2624 Aeoles
746 2557 901 2625 Asianos.

117 2663 311 2745 Plerumque
338 2667 443 2722 tamen
465 2659 623 2748 digamma
648 2659 685 2724 in
713 2659 829 2726 mediis
851 2659 986 2725 vocibus
1015 2658 1111 2748 plane

41 2761 234 2851 negligitur,
262 2769 298 2822 ut
317 2758 352 2822 in
374 2758 446 2848 ipso
469 2759 579 2848 ἀείδω,
609 2761 696 2825 unde
719 2759 812 2824 ἀΐδων
834 2768 913 2841 (non
932 2759 1025 2850 ᾄδωνΙ
1038 2783 1112 2826 cum

41 2862 209 2942 Bocclrlrio)
240 2859 361 2948 legitur
388 2883 438 2927 nr.
462 2859 555 2927 1579.
579 2860 661 2927 1580
689 2871 721 2924 ct
751 2860 826 2925 Cor.
849 2862 871 2928 8
899 2885 917 2924 e
942 2862 1113 2930 nonnullis

39 2963 143 3042 libris,
167 2962 323 3049 εὐεργέτας
345 2985 395 3025 nr.
420 2960 620 3046 1562-65,
643 2985 825 3050 quanquam
848 2960 887 3026 dc
908 2961 998 3026 vocis
1020 2960 1109 3046 ἔργον

41 3065 191 3153 digamma
216 3062 293 3128 satis
324 3072 471 3146 constat,
501 3063 564 3129 Διῒ
584 3086 635 3128 nr.
659 3062 762 3144 1568,
796 3088 896 3151 quum
916 3069 1002 3129 AaFo
1030 3066 1114 3129 scri-¹

39 3178 123 3254 ptum
137 3167 180 3232 sit
193 3167 228 3230 in
240 3161 332 3250 galea
344 3161 552 3250 Argiuorum.
595 3163 689 3228 Adeo
705 3163 862 3250 digamma
879 3164 981 3250 ejecto
1001 3165 1017 3228 ἱ
1038 3177 1111 3246 antc

40 3279 221 3357 sequentem
242 3263 384 3329 vocalem
405 3264 439 3329 in
459 3266 475 3325 ῖ
495 3275 650 3329 mutatum
674 3277 722 3330 est
742 3265 776 3329 in
797 3263 937 3339 Νιώνιος
957 3290 1007 3330 nr.
1029 3268 1112 3344 1574
1192 3330 1195 3348 ,

40 3371 140 3444 avr'oe
174 3368 231 3449 (cf.
256 3365 388 3432 Sanser.
413 3361 553 3448 navas,
581 3361 699 3449 novus)
736 3369 855 3446 ῥίοντος
877 3367 1018 3449 1569,c
1046 3371 1108 3445 (cl'.
1210 3438 1215 3443 ,

40 3469 158 3549 dadon),
181 3471 294 3545 Klima,
317 3465 471 3540 Κλιώνιος
492 3490 510 3530 a
531 3467 645 3543 aldor,
664 3467 750 3554 q'uod
770 3491 836 3531 non
858 3467 966 3532 minus
988 3469 1109 3556 digam-

38 3594 84 3634 ma
104 3569 256 3634 habuisse
278 3567 341 3635 alio
362 3577 505 3657 ternpore
527 3568 724 3634 docebimus.
781 3567 960 3634 Erinnae
982 3571 1112 3658 quidem

39 3671 132 3760 stirpe
161 3670 320 3760 digamma
347 3667 442 3756 plane
469 3668 625 3756 periisse,
660 3670 775 3734 docent
801 3669 896 3734 etiam
930 3675 1108 3752 Herculeio,

38 3773 229 3854 Δαμοκλεῖος
260 3780 291 3835 et
313 3764 431 3834 similia
465 3764 517 3858 (ἃ.
542 3763 624 3856 44),
656 3759 878 3852 Λαμοκλίδας,
906 3770 1112 3858 Ἡράκλειτος
1138 3776 1141 3784 “

38 3872 115 3939 1575
136 3869 199 3937 dtc.
216 3913 257 3925 -·
298 3870 410 3935 Minus
431 3880 553 3936 certum
574 3880 623 3934 est
644 3871 801 3956 digamma
822 3871 947 3938 initiale
968 3871 1004 3937 in
1025 3893 1110 3937 com·

36 3973 195 4059 positione
224 3973 269 4036 ita
291 3971 474 4060 neglectrun
483 4019 495 4048 ,
528 3982 564 4034 nt
584 3970 758 4036 contractio
779 3969 886 4040 liceat.
948 3971 1030 4037 Nam
1052 3996 1112 4062 pro

37 4078 168 4150 Κλιοιιαξ
190 4072 304 4150 1575,.
325 4071 413 4160 quod
433 4071 616 4168 lloeckhius
638 4071 775 4136 correxit
793 4071 829 4140 in
851 4076 1008 4156 Κλιῶναξ,
1037 4096 1111 4162 pos-

39 4173 82 4236 sis
112 4179 269 4251 Ktrocaa}
306 4171 485 4262 suspicari,
518 4183 550 4238 et
585 4171 750 4257 ἀγροῖκος,
791 4172 877 4238 unda
910 4171 1111 4265 Ἀγρυκίχιος
