2710 4820
230 357 311 435 228
477 440 479 445 ,
504 362 561 434 De
586 357 750 433 dialectis
775 353 1049 431 Pseudaeolieis.

316 563 523 628 Eretrienses
545 563 641 628 etiam
662 562 824 626 intereos
846 572 940 645 sunt,
973 562 1031 652 qni
1053 561 1222 628 Laconico
1242 585 1322 628 more

236 675 256 731 ὀ
280 667 365 731 inter
395 669 524 732 vocales
551 665 588 730 in
617 663 768 754 spiritum
797 687 947 752 asperum
977 674 1101 727 mutare
1133 666 1321 736 referuntur,

198 763 201 778 ⁸
234 791 295 834 nee
323 769 433 832 minus
455 766 572 854 Oropii
599 765 837 846 Eretriensium
867 776 957 830 trans
980 765 1146 854 Euripum
1173 767 1320 844 vicissit).

236 870 334 952 Quod
352 893 452 958 quum
473 869 568 932 facile
584 868 787 958 suspicemur
806 869 877 932 non'
889 865 1031 932 alienum
1052 867 1157 932 fuisse
1179 868 1222 932 ab
1237 867 1323 934 Eleo·

234 993 305 1034 rum
334 971 490 1053 dialecto,
534 970 662 1034 nullum
690 994 777 1034 nune
811 969 995 1058 exemplum
1023 970 1208 1059 reperitur,
1249 970 1324 1034 nnle

233 1073 354 1137 eertins
375 1073 454 1161 quid
474 1085 635 1160 appareat.

317 1173 426 1238 Etiam
448 1173 529 1243 aab
551 1173 664 1251 Eleis,
703 1185 740 1239 ut
760 1199 778 1239 a
800 1175 987 1241 Laconibus
1008 1173 1042 1237 in
1064 1180 1262 1238 &mutatum
1282 1197 1322 1237 es·

234 1299 289 1358 se,
322 1275 517 1366 interpretes
539 1277 579 1340 acl
601 1276 803 1364 Hesychium
824 1277 948 1368 opinati
971 1287 1064 1352 sunt,
1104 1275 1163 1362 qui
1188 1275 1322 1362 glossam

233 1374 372 1461 βορσόν,
412 1375 546 1463 σταυρὸν
565 1375 687 1442 Ἠλεῖοι
713 1403 773 1468 pro
797 1378 897 1466 ὀρθὰν
918 1401 990 1444 esse
1011 1387 1178 1466 putarunt.
1235 1376 1323 1460 Quoi

233 1503 332 1568 quum
354 1503 467 1567 parum
489 1479 532 1544 sit
551 1478 737 1566 probabile,
763 1480 882 1544 certius
903 1479 944 1544 de
965 1478 1142 1544 mutatione
1162 1478 1226 1543 illa
1246 1478 1322 1568 apul

234 1580 403 1668 Carystius
425 1588 550 1643 constat
571 1602 612 1643 ex
633 1579 794 1667 Hesychii
814 1583 924 1668 glossa
948 1585 1081 1667 σαρμοὲ,
1104 1585 1241 1668 θερμοῖ·
1263 1590 1322 1646 Ko-

234 1681 376 1768 ρύστιοι,
413 1704 596 1770 quanquam
614 1681 763 1746 'calidius
790 1692 896 1760 esset,
934 1684 963 1748 si
985 1682 1061 1772 quis
1088 1681 1165 1746 inde
1188 1683 1233 1747 ad
1253 1682 1320 1748 viei-

231 1807 293 1848 nos
315 1782 520 1847 Eretrienses
541 1792 574 1847 et
601 1794 758 1871 cognatos
786 1782 837 1847 his
859 1783 960 1850 Eleos
981 1784 1204 1870 conjecturam
1226 1786 1321 1849 faeere

231 1871 349 1967 vellet,
380 1885 456 1976 qnia
479 1883 621 1974 Carystii
643 1885 683 1949 ab
703 1884 830 1974 origine
853 1896 930 1951 sunt
949 1885 1111 1976 Dryopes.
1135 1886 1207 1952 visi.
1231 1885 1319 1951 Muli.

228 1987 310 2052 Dor.
334 1986 363 2052 l.
386 2012 420 2075 p.
444 1986 497 2052 43.

313 2088 440 2154 Tenuis
460 2097 477 2151 i
497 2113 557 2176 pro
581 2085 763 2179 aspirato}
783 2087 889 2178 posita
912 2088 1017 2152 estin
1039 2089 1166 2152 ἐνταῦτα
1190 2089 1237 2170 (si
1257 2087 1319 2177 qui-

230 2191 304 2255 dem
322 2199 409 2252 recte
428 2188 540 2254 ultima
560 2191 703 2282 foederis
719 2191 817 2260 verba
838 2191 993 2278 leguntur
1014 2193 1057 2272 τῷ
1076 2188 1194 2253 ’νταῦι’
1218 2193 1320 2277 ἐγραμ-

231 2292 322 2373 μὲνῳ)
344 2313 404 2379 pro
432 2291 568 2355 ἐνταῦθα
595 2303 650 2358 aut
678 2293 786 2383 potius
808 2291 920 2356 lonico
946 2293 1085 2356 ’ἐνθαῦτα
1092 2319 1104 2370 ,·
1148 2293 1216 2357 hoe
1245 2291 1320 2358 enim

230 2393 352 2458 rectius
373 2414 415 2456 ex
436 2389 514 2456 ἔνθα
536 2403 646 2457 natum
668 2403 730 2476 est,
752 2403 789 2456 ut
808 2396 903 2456 ταῦτα
924 2415 943 2456 e
963 2391 1013 2471 τὰ,
1037 2397 1175 2458 τοσαῦτα
1199 2419 1218 2466 e
1239 2393 1317 2459 τόσα,

230 2533 273 2545 -
322 2493 475 2583 Denique
497 2495 532 2558 in
554 2495 716 2582 Hesychii
736 2489 845 2582 glossa
867 2487 995 2572 αύλλας,
1031 2493 1163 2570 σκύλαξ·
1208 2491 1318 2560 Ἠλεῖαι

118 2653 120 2658 .
228 2595 370 2686 primum
393 2595 594 2681 &abjectum
616 2606 677 2677 est,
701 2595 791 2660 utin
812 2598 991 2678 σκίδναμαι,
1016 2597 1164 2677 κίδναμαι
1187 2610 1222 2662 et
1243 2597 1317 2669 aliis,

229 2697 348 2762 deinde
376 2697 560 2762 terminatio
581 2697 716 2762 eandem
746 2695 954 2761 mutationem
982 2705 1111 2784 experta
1134 2710 1208 2783 est,
1249 2723 1319 2790 quae

222 2797 431 2892 'conspicitur
460 2799 509 2885 in
528 2797 688 2888 Hesychii
718 2798 829 2886 glossa
859 2797 992 2882 fidenae,
1030 2798 1198 2880 βασιλεύς·
1243 2800 1319 2888 παρὰ

230 2899 439 2979 Ἰταλιώταις,
462 2899 583 2990 quippe
605 2900 693 2990 quod
714 2901 756 2966 sit
776 2925 836 2990 pro
857 2899 974 2976 Γάναξ.

315 3003 349 3081 4)
371 3001 400 3066 Ε
423 3002 592 3068 vocalibus
616 3012 636 3065 ᾰ
656 3001 704 3066 est
724 3025 785 3091 pro
806 3013 839 3079 Ξ,
863 3002 1003 3091 primum
1023 3002 1058 3066 in
1080 3027 1121 3066 κα
1143 3014 1177 3068 et
1201 3005 1319 3092 ἕπιάρος

230 3127 291 3194 pro
312 3105 456 3187 ἐφίερος,
496 3103 615 3169 ubine
637 3104 743 3168 Dores
770 3103 902 3192 quidem
924 3115 956 3169 et
976 3103 1093 3170 Boeoti
1113 3104 1231 3184 aliter,
1273 3105 1319 3172 sei

230 3214 415 3294 praeterea,
458 3205 517 3270 ubi
544 3206 643 3270 iidem
671 3216 686 3269 3
714 3206 847 3292 vulgare
875 3216 1005 3291 tenent³
1048 3205 1083 3270 iu
1110 3205 1244 3292 Foipyor
1270 3233 1319 3297 pro

231 3306 340 3390 ἔργον,
384 3329 523 3394 quocum
564 3307 669 3372 solum
702 3306 869 3396 antiquum
900 3305 1030 3372 Atticae
1061 3305 1167 3370 tribus
1209 3323 1341 3374 nomeul

231 3405 398 3490 Ἀρναὸεῖς
426 3431 610 3495 comparare
638 3407 737 3490 lieet,
776 3430 840 3495 παρ
869 3407 1008 3489 eulalio,
1051 3407 1139 3496 quod
1164 3432 1230 3495 pro
1260 3407 1340 3494 ursel

230 3508 369 3606 πολέμουΙ
384 3532 456 3574 esse
471 3509 659 3574 Hermanno
679 3518 831 3573 monente
849 3507 1033 3573 Boeekhius
1054 3507 1222 3576 intellexit
1239 3511 1317 3576 Adi.
1337 3499 1339 3574 l

229 3635 264 3703 p.
288 3609 371 3694 878,
412 3620 445 3676 et
472 3608 509 3674 in
534 3609 685 3702 optativis
717 3611 857 3694 συνεΐαν,
898 3607 1074 3675 ἇποτίνοιαν
1105 3633 1165 3699 pro
1197 3616 1316 3692 συνεῖεν,

226 3787 487 3801 ——-—-——-

263 3893 296 3960 6)
331 3891 377 3946 Et.
401 3889 442 3944 M.
464 3889 533 3956 391,
555 3890 598 3946 15.
628 3886 695 3946 lior
720 3886 751 3944 δὲ
775 3888 864 3956 ἴχοαοι
889 3890 1015 3958 Δωριέων
1039 3889 1124 3944 τινές·
1156 3886 1198 3944 οἷς
1224 3887 1276 3962 yrip
1298 3881 1318 3939 oi

227 3979 350 4050 Ἀργεῖοι
380 3982 426 4032 οιαὶ
450 3972 583 4031 Aeuom
606 3983 652 4032 aot
677 3973 829 4049 Happilos
856 3984 901 4032 καὶ
924 3974 1074 4049 Ἐρετριεῖς
1103 3979 1150 4030 nat
1179 3974 1315 4048 Ὠρώπιοι.

226 4062 332 4120 ἔνδειαν
347 4059 397 4121 roi
413 4064 432 4120 o'
447 4059 596 4130 ποιοῦνται,
614 4061 726 4122 δασεῖαν
742 4061 907 4133 καράττουοι
918 4068 976 4119 rote
991 4061 1203 4132 ἐπιφερομένοις
1220 4059 1316 4134 φωνήε-

227 4168 282 4216 οιν,
308 4147 344 4204 oie
369 4147 416 4204 ἐπὶ
436 4144 485 4202 τοῦ
505 4147 618 4218 ποιῆσαι
637 4148 734 4221 nutrior
759 4151 833 4219 (leg.
851 4147 981 4220 ποιῆαἱ)·
1007 4156 1053 4205 aot
1070 4146 1198 4218 Bovoo'or,
1225 4143 1316 4208 Boni«,

226 4241 272 4291 nul
287 4230 402 4306 promoturi
418 4228 518 4304 poturi.
819 4247 821 4256 ’
