<?xml version="1.0" encoding="UTF-8"?>
<!DOCTYPE html PUBLIC "-//W3C//DTD XHTML 1.0 Transitional//EN"
    "http://www.w3.org/TR/xhtml1/DTD/xhtml1-transitional.dtd">
<html xmlns="http://www.w3.org/1999/xhtml" xml:lang="en" lang="en">
 <head>
  <title>
</title>
<meta http-equiv="Content-Type" content="text/html;charset=utf-8" />
  <meta name='ocr-system' content='tesseract 3.04.00' />
  <meta name='ocr-capabilities' content='ocr_page ocr_carea ocr_par ocr_line ocrx_word'/>
</head>
<body>
  <div class='ocr_page' id='page_1' title='image "./degraccaelingua00ahregoog_0049.png"; bbox 0 0 2748 4832; ppageno 0'>
   <div class='ocr_carea' id='block_1_1' title="bbox 183 275 1117 386">
    <p class='ocr_par' dir='ltr' id='par_1_1' title="bbox 183 275 1117 386">
     <span class='ocr_line' id='line_1_1' title="bbox 183 275 1117 386; baseline -0.013 -24"><span class='ocrx_word' id='word_1_1' title='bbox 183 283 235 362; x_wconf 76' lang='grc'>18</span> <span class='ocrx_word' id='word_1_2' title='bbox 275 377 278 386; x_wconf 30' lang='lat'>‚</span> <span class='ocrx_word' id='word_1_3' title='bbox 384 285 441 360; x_wconf 84' lang='lat' dir='ltr'><strong>De</strong></span> <span class='ocrx_word' id='word_1_4' title='bbox 466 280 618 358; x_wconf 81' lang='lat' dir='ltr'><strong>dialecto</strong></span> <span class='ocrx_word' id='word_1_5' title='bbox 642 279 799 356; x_wconf 85' lang='lat' dir='ltr'>Aeolum</span> <span class='ocrx_word' id='word_1_6' title='bbox 823 275 1056 354; x_wconf 79' lang='lat' dir='ltr'>Asianorum.</span> <span class='ocrx_word' id='word_1_7' title='bbox 1112 321 1117 333; x_wconf 89' lang='lat'><strong>·</strong></span> 
     </span>
    </p>
   </div>
   <div class='ocr_carea' id='block_1_2' title="bbox 184 475 1268 670">
    <p class='ocr_par' dir='ltr' id='par_1_2' title="bbox 184 475 1268 670">
     <span class='ocr_line' id='line_1_2' title="bbox 185 475 1268 569; baseline -0.011 -17"><span class='ocrx_word' id='word_1_8' title='bbox 185 507 296 552; x_wconf 88' lang='lat' dir='ltr'><strong>eorum</strong></span> <span class='ocrx_word' id='word_1_9' title='bbox 318 505 431 564; x_wconf 82' lang='lat' dir='ltr'><strong>causa,</strong></span> <span class='ocrx_word' id='word_1_10' title='bbox 460 481 518 569; x_wconf 91' lang='lat' dir='ltr'><strong>qui</strong></span> <span class='ocrx_word' id='word_1_11' title='bbox 544 479 677 546; x_wconf 76' lang='lat' dir='ltr'><strong>haerent</strong></span> <span class='ocrx_word' id='word_1_12' title='bbox 706 478 742 544; x_wconf 87' lang='lat' dir='ltr'><strong>in</strong></span> <span class='ocrx_word' id='word_1_13' title='bbox 761 475 920 546; x_wconf 85' lang='lat' dir='ltr'><strong>lilrrorum</strong></span> <span class='ocrx_word' id='word_1_14' title='bbox 940 476 1107 545; x_wconf 85' lang='lat' dir='ltr'><strong>levissima</strong></span> <span class='ocrx_word' id='word_1_15' title='bbox 1129 475 1268 555; x_wconf 84' lang='lat' dir='ltr'><strong>anctori-</strong></span> 
     </span>
     <span class='ocr_line' id='line_1_3' title="bbox 184 579 1268 670; baseline -0.009 -19"><span class='ocrx_word' id='word_1_16' title='bbox 184 597 259 651; x_wconf 85' lang='lat' dir='ltr'><strong>tate.</strong></span> <span class='ocrx_word' id='word_1_17' title='bbox 305 583 470 667; x_wconf 88' lang='lat' dir='ltr'><strong>Ceterum,</strong></span> <span class='ocrx_word' id='word_1_18' title='bbox 488 579 550 670; x_wconf 27' lang='lat' dir='ltr'><strong>,ubi</strong></span> <span class='ocrx_word' id='word_1_19' title='bbox 570 582 683 669; x_wconf 91' lang='lat' dir='ltr'><strong>plures</strong></span> <span class='ocrx_word' id='word_1_20' title='bbox 703 581 782 646; x_wconf 84' lang='lat' dir='ltr'>libri</span> <span class='ocrx_word' id='word_1_21' title='bbox 804 590 931 664; x_wconf 78' lang='lat' dir='ltr'><strong>extant,</strong></span> <span class='ocrx_word' id='word_1_22' title='bbox 953 581 1010 646; x_wconf 82' lang='lat' dir='ltr'><strong>vix</strong></span> <span class='ocrx_word' id='word_1_23' title='bbox 1027 595 1169 667; x_wconf 86' lang='lat' dir='ltr'><strong>unquam</strong></span> <span class='ocrx_word' id='word_1_24' title='bbox 1191 601 1268 642; x_wconf 90' lang='lat' dir='ltr'><strong>eon-</strong></span> 
     </span>
    </p>
   </div>
   <div class='ocr_carea' id='block_1_3' title="bbox 43 666 1269 776">
    <p class='ocr_par' dir='ltr' id='par_1_3' title="bbox 43 666 1269 776">
     <span class='ocr_line' id='line_1_4' title="bbox 43 666 1269 776; baseline -0.009 -23"><span class='ocrx_word' id='word_1_25' title='bbox 43 737 46 740; x_wconf 93' lang='grc'>-</span> <span class='ocrx_word' id='word_1_26' title='bbox 185 687 319 776; x_wconf 83' lang='lat' dir='ltr'><strong>spirant.</strong></span> <span class='ocrx_word' id='word_1_27' title='bbox 364 666 535 770; x_wconf 74' lang='lat' dir='ltr'><strong>Leguntur</strong></span> <span class='ocrx_word' id='word_1_28' title='bbox 555 685 652 748; x_wconf 74' lang='lat' dir='ltr'><strong>haece</strong></span> <span class='ocrx_word' id='word_1_29' title='bbox 686 681 834 768; x_wconf 70' lang='lat' dir='ltr'><strong>riyrioecro</strong></span> <span class='ocrx_word' id='word_1_30' title='bbox 855 681 899 748; x_wconf 79' lang='lat' dir='ltr'><strong>A.</strong></span> <span class='ocrx_word' id='word_1_31' title='bbox 923 681 983 763; x_wconf 90' lang='grc'><strong>57,</strong></span> <span class='ocrx_word' id='word_1_32' title='bbox 1006 679 1106 764; x_wconf 78' lang='grc' dir='ltr'><strong><em>ἇμρὲω</em></strong></span> <span class='ocrx_word' id='word_1_33' title='bbox 1128 703 1269 768; x_wconf 81' lang='lat' dir='ltr'><strong>semper,</strong></span> 
     </span>
    </p>
   </div>
   <div class='ocr_carea' id='block_1_4' title="bbox 183 782 1273 2693">
    <p class='ocr_par' dir='ltr' id='par_1_4' title="bbox 183 782 1273 2388">
     <span class='ocr_line' id='line_1_5' title="bbox 183 782 1267 873; baseline -0.009 -19"><span class='ocrx_word' id='word_1_34' title='bbox 183 789 337 860; x_wconf 74' lang='lat' dir='ltr'><strong>At’oa&#39;orloc</strong></span> <span class='ocrx_word' id='word_1_35' title='bbox 358 796 391 850; x_wconf 86' lang='lat' dir='ltr'><strong>ct</strong></span> <span class='ocrx_word' id='word_1_36' title='bbox 412 786 566 864; x_wconf 81' lang='grc' dir='ltr'>αἰμΙονος,</span> <span class='ocrx_word' id='word_1_37' title='bbox 590 807 672 873; x_wconf 88' lang='lat' dir='ltr'><strong>qune</strong></span> <span class='ocrx_word' id='word_1_38' title='bbox 693 783 831 850; x_wconf 84' lang='lat' dir='ltr'><strong>Aeolica</strong></span> <span class='ocrx_word' id='word_1_39' title='bbox 852 783 1004 848; x_wconf 86' lang='lat' dir='ltr'><strong>dicuntur</strong></span> <span class='ocrx_word' id='word_1_40' title='bbox 1024 805 1083 870; x_wconf 88' lang='lat' dir='ltr'><strong>pro</strong></span> <span class='ocrx_word' id='word_1_41' title='bbox 1101 782 1267 855; x_wconf 79' lang='grc' dir='ltr'>Ἡσίοδος,</span> 
     </span>
     <span class='ocr_line' id='line_1_6' title="bbox 184 879 1268 970; baseline -0.006 -18"><span class='ocrx_word' id='word_1_42' title='bbox 184 890 312 970; x_wconf 74' lang='grc' dir='ltr'><strong><em>ἡμίονος</em></strong></span> <span class='ocrx_word' id='word_1_43' title='bbox 344 885 400 952; x_wconf 83' lang='lat' dir='ltr'><strong>Et.</strong></span> <span class='ocrx_word' id='word_1_44' title='bbox 428 882 477 949; x_wconf 88' lang='grc' dir='ltr'><strong>Μ.</strong></span> <span class='ocrx_word' id='word_1_45' title='bbox 506 883 589 966; x_wconf 87' lang='grc'>452,</span> <span class='ocrx_word' id='word_1_46' title='bbox 611 884 674 968; x_wconf 90' lang='grc'><strong>37,</strong></span> <span class='ocrx_word' id='word_1_47' title='bbox 707 879 765 948; x_wconf 68' lang='lat' dir='ltr'><strong>tao</strong></span> <span class='ocrx_word' id='word_1_48' title='bbox 795 883 830 950; x_wconf 91' lang='lat' dir='ltr'><strong>S.</strong></span> <span class='ocrx_word' id='word_1_49' title='bbox 853 886 896 967; x_wconf 92' lang='grc'><strong>2,</strong></span> <span class='ocrx_word' id='word_1_50' title='bbox 918 885 959 966; x_wconf 91' lang='grc'><strong>3,</strong></span> <span class='ocrx_word' id='word_1_51' title='bbox 993 881 1125 964; x_wconf 62' lang='lat' dir='ltr'><strong>&amp;mopso</strong></span> <span class='ocrx_word' id='word_1_52' title='bbox 1152 881 1188 946; x_wconf 90' lang='lat' dir='ltr'><strong>S.</strong></span> <span class='ocrx_word' id='word_1_53' title='bbox 1211 881 1268 962; x_wconf 88' lang='lat'><strong>88,</strong></span> 
     </span>
     <span class='ocr_line' id='line_1_7' title="bbox 186 977 1268 1075; baseline -0.007 -21"><span class='ocrx_word' id='word_1_54' title='bbox 186 990 283 1072; x_wconf 79' lang='grc' dir='ltr'><strong><em>ἄμμες</em></strong></span> <span class='ocrx_word' id='word_1_55' title='bbox 303 989 372 1052; x_wconf 84' lang='lat' dir='ltr'><strong>fere</strong></span> <span class='ocrx_word' id='word_1_56' title='bbox 394 1009 538 1073; x_wconf 73' lang='lat' dir='ltr'><strong>semper,</strong></span> <span class='ocrx_word' id='word_1_57' title='bbox 569 984 669 1068; x_wconf 82' lang='grc' dir='ltr'><strong><em>ἔμμα</em></strong></span> <span class='ocrx_word' id='word_1_58' title='bbox 698 1009 825 1075; x_wconf 79' lang='lat' dir='ltr'><strong>semper</strong></span> <span class='ocrx_word' id='word_1_59' title='bbox 848 1008 907 1074; x_wconf 91' lang='lat' dir='ltr'><strong>pro</strong></span> <span class='ocrx_word' id='word_1_60' title='bbox 933 985 1002 1066; x_wconf 77' lang='grc' dir='ltr'><strong>εἷμα</strong></span> <span class='ocrx_word' id='word_1_61' title='bbox 1027 983 1093 1049; x_wconf 88' lang='lat' dir='ltr'><strong>vid.</strong></span> <span class='ocrx_word' id='word_1_62' title='bbox 1117 977 1148 1070; x_wconf 83' lang='lat'><strong>§.</strong></span> <span class='ocrx_word' id='word_1_63' title='bbox 1170 983 1210 1064; x_wconf 89' lang='lat'><strong>8,</strong></span> <span class='ocrx_word' id='word_1_64' title='bbox 1234 982 1268 1063; x_wconf 84' lang='lat'><strong>3,</strong></span> 
     </span>
     <span class='ocr_line' id='line_1_8' title="bbox 186 1080 1271 1174; baseline -0.01 -17"><span class='ocrx_word' id='word_1_65' title='bbox 186 1091 288 1173; x_wconf 76' lang='grc' dir='ltr'><em>ἕρσεις</em></span> <span class='ocrx_word' id='word_1_66' title='bbox 307 1088 375 1154; x_wconf 76' lang='lat' dir='ltr'><strong>vid.</strong></span> <span class='ocrx_word' id='word_1_67' title='bbox 398 1081 428 1174; x_wconf 59' lang='grc' dir='ltr'><strong>ᾗ.</strong></span> <span class='ocrx_word' id='word_1_68' title='bbox 452 1085 495 1154; x_wconf 86' lang='grc'><strong>36</strong></span> <span class='ocrx_word' id='word_1_69' title='bbox 515 1096 582 1152; x_wconf 91' lang='lat' dir='ltr'><strong>not.</strong></span> <span class='ocrx_word' id='word_1_70' title='bbox 606 1085 645 1169; x_wconf 88' lang='lat'><strong>3,</strong></span> <span class='ocrx_word' id='word_1_71' title='bbox 668 1086 782 1167; x_wconf 72' lang='grc' dir='ltr'>ἐπάρας</span> <span class='ocrx_word' id='word_1_72' title='bbox 803 1085 839 1152; x_wconf 88' lang='lat' dir='ltr'><strong>S.</strong></span> <span class='ocrx_word' id='word_1_73' title='bbox 862 1087 922 1169; x_wconf 85' lang='lat'><strong>53,</strong></span> <span class='ocrx_word' id='word_1_74' title='bbox 943 1080 1052 1168; x_wconf 80' lang='grc' dir='ltr'><em>Εὖρος</em></span> <span class='ocrx_word' id='word_1_75' title='bbox 1072 1109 1130 1174; x_wconf 91' lang='lat' dir='ltr'><strong>pro</strong></span> <span class='ocrx_word' id='word_1_76' title='bbox 1146 1084 1271 1166; x_wconf 75' lang='grc' dir='ltr'><em>Ἕβρος</em></span> 
     </span>
     <span class='ocr_line' id='line_1_9' title="bbox 186 1183 1268 1276; baseline -0.011 -17"><span class='ocrx_word' id='word_1_77' title='bbox 186 1194 232 1258; x_wconf 83' lang='grc' dir='ltr'><strong>Α.</strong></span> <span class='ocrx_word' id='word_1_78' title='bbox 254 1191 314 1268; x_wconf 88' lang='grc'><strong>94,</strong></span> <span class='ocrx_word' id='word_1_79' title='bbox 349 1191 452 1261; x_wconf 71' lang='lat' dir='ltr'><strong>tamor</strong></span> <span class='ocrx_word' id='word_1_80' title='bbox 480 1197 513 1252; x_wconf 89' lang='lat' dir='ltr'><strong>et</strong></span> <span class='ocrx_word' id='word_1_81' title='bbox 540 1185 648 1250; x_wconf 72' lang='grc' dir='ltr'><strong><em>ἔλλαθι</em></strong></span> <span class='ocrx_word' id='word_1_82' title='bbox 677 1183 806 1276; x_wconf 84' lang='lat' dir='ltr'><strong>(potius</strong></span> <span class='ocrx_word' id='word_1_83' title='bbox 837 1187 962 1266; x_wconf 72' lang='lat' dir='ltr'><strong>tatum)</strong></span> <span class='ocrx_word' id='word_1_84' title='bbox 991 1187 1108 1252; x_wconf 84' lang='lat' dir='ltr'><strong>Choer.</strong></span> <span class='ocrx_word' id='word_1_85' title='bbox 1132 1185 1195 1248; x_wconf 78' lang='lat'><strong>01.</strong></span> <span class='ocrx_word' id='word_1_86' title='bbox 1220 1184 1268 1264; x_wconf 94' lang='lat' dir='ltr'><strong>ll,</strong></span> 
     </span>
     <span class='ocr_line' id='line_1_10' title="bbox 186 1285 1269 1376; baseline -0.009 -14"><span class='ocrx_word' id='word_1_87' title='bbox 186 1292 332 1376; x_wconf 81' lang='grc'>224,16</span> <span class='ocrx_word' id='word_1_88' title='bbox 355 1300 386 1356; x_wconf 86' lang='lat' dir='ltr'><strong>et</strong></span> <span class='ocrx_word' id='word_1_89' title='bbox 405 1289 489 1370; x_wconf 89' lang='grc'>225,</span> <span class='ocrx_word' id='word_1_90' title='bbox 510 1287 549 1368; x_wconf 89' lang='grc'><strong>6,</strong></span> <span class='ocrx_word' id='word_1_91' title='bbox 572 1287 683 1371; x_wconf 73' lang='grc' dir='ltr'><em>ῐμέῥρω</em></span> <span class='ocrx_word' id='word_1_92' title='bbox 706 1287 740 1352; x_wconf 86' lang='lat' dir='ltr'><strong>J.</strong></span> <span class='ocrx_word' id='word_1_93' title='bbox 761 1287 819 1353; x_wconf 89' lang='lat' dir='ltr'><strong>Gr.</strong></span> <span class='ocrx_word' id='word_1_94' title='bbox 843 1287 917 1365; x_wconf 91' lang='grc'>244,</span> <span class='ocrx_word' id='word_1_95' title='bbox 937 1288 959 1352; x_wconf 85' lang='grc'><strong>6</strong></span> <span class='ocrx_word' id='word_1_96' title='bbox 982 1298 1015 1352; x_wconf 90' lang='lat' dir='ltr'><strong>et</strong></span> <span class='ocrx_word' id='word_1_97' title='bbox 1034 1286 1168 1352; x_wconf 85' lang='lat' dir='ltr'><strong>Meerm.</strong></span> <span class='ocrx_word' id='word_1_98' title='bbox 1191 1285 1269 1367; x_wconf 91' lang='grc'>662,</span> 
     </span>
     <span class='ocr_line' id='line_1_11' title="bbox 186 1387 1272 1486; baseline -0.007 -26"><span class='ocrx_word' id='word_1_99' title='bbox 186 1393 329 1486; x_wconf 30' lang='grc'>1666618.</span> <span class='ocrx_word' id='word_1_100' title='bbox 355 1392 414 1473; x_wconf 87' lang='grc'><strong>18,</strong></span> <span class='ocrx_word' id='word_1_101' title='bbox 436 1387 621 1472; x_wconf 70' lang='grc'>16666166.</span> <span class='ocrx_word' id='word_1_102' title='bbox 646 1387 710 1452; x_wconf 82' lang='lat' dir='ltr'><strong>Ox.</strong></span> <span class='ocrx_word' id='word_1_103' title='bbox 734 1387 771 1472; x_wconf 88' lang='grc' dir='ltr'><strong>Ι,</strong></span> <span class='ocrx_word' id='word_1_104' title='bbox 793 1389 848 1472; x_wconf 88' lang='grc'><strong>63,</strong></span> <span class='ocrx_word' id='word_1_105' title='bbox 869 1388 930 1472; x_wconf 87' lang='grc'><strong>29,</strong></span> <span class='ocrx_word' id='word_1_106' title='bbox 953 1389 1081 1472; x_wconf 79' lang='grc' dir='ltr'>ἴψηλος,</span> <span class='ocrx_word' id='word_1_107' title='bbox 1105 1390 1272 1472; x_wconf 70' lang='grc'>16666661</span> 
     </span>
     <span class='ocr_line' id='line_1_12' title="bbox 186 1485 1268 1581; baseline -0.007 -21"><span class='ocrx_word' id='word_1_108' title='bbox 186 1497 261 1578; x_wconf 75' lang='grc' dir='ltr'><strong>ἵπαρ</strong></span> <span class='ocrx_word' id='word_1_109' title='bbox 290 1487 385 1581; x_wconf 84' lang='lat' dir='ltr'><strong>(fort.</strong></span> <span class='ocrx_word' id='word_1_110' title='bbox 414 1485 504 1577; x_wconf 79' lang='grc' dir='ltr'><strong><em>ἰπὲρ)</em></strong></span> <span class='ocrx_word' id='word_1_111' title='bbox 536 1488 569 1555; x_wconf 87' lang='lat' dir='ltr'><strong>J.</strong></span> <span class='ocrx_word' id='word_1_112' title='bbox 593 1488 651 1554; x_wconf 89' lang='lat' dir='ltr'><strong>Gr.</strong></span> <span class='ocrx_word' id='word_1_113' title='bbox 673 1491 756 1572; x_wconf 89' lang='grc'>244,</span> <span class='ocrx_word' id='word_1_114' title='bbox 780 1489 820 1574; x_wconf 81' lang='lat' dir='ltr'><strong>l),</strong></span> <span class='ocrx_word' id='word_1_115' title='bbox 842 1488 972 1572; x_wconf 68' lang='grc' dir='ltr'><strong>Λὄμιλλος</strong></span> <span class='ocrx_word' id='word_1_116' title='bbox 991 1489 1109 1556; x_wconf 70' lang='grc'>(11666.</span> <span class='ocrx_word' id='word_1_117' title='bbox 1132 1489 1196 1553; x_wconf 79' lang='lat' dir='ltr'><strong>Ox.</strong></span> <span class='ocrx_word' id='word_1_118' title='bbox 1220 1490 1268 1573; x_wconf 90' lang='lat' dir='ltr'><strong>ll,</strong></span> 
     </span>
     <span class='ocr_line' id='line_1_13' title="bbox 186 1584 1268 1680; baseline -0.011 -14"><span class='ocrx_word' id='word_1_119' title='bbox 186 1598 269 1678; x_wconf 87' lang='grc'>244,</span> <span class='ocrx_word' id='word_1_120' title='bbox 291 1595 334 1662; x_wconf 93' lang='grc'><strong>22</strong></span> <span class='ocrx_word' id='word_1_121' title='bbox 353 1602 387 1660; x_wconf 88' lang='lat' dir='ltr'><strong>et</strong></span> <span class='ocrx_word' id='word_1_122' title='bbox 406 1592 469 1660; x_wconf 91' lang='grc'><strong>247</strong></span> <span class='ocrx_word' id='word_1_123' title='bbox 477 1635 489 1675; x_wconf 91' lang='grc'><strong>,</strong></span> <span class='ocrx_word' id='word_1_124' title='bbox 512 1589 552 1657; x_wconf 92' lang='grc'><strong>16</strong></span> <span class='ocrx_word' id='word_1_125' title='bbox 581 1584 683 1676; x_wconf 83' lang='lat' dir='ltr'><strong>(odeo</strong></span> <span class='ocrx_word' id='word_1_126' title='bbox 714 1600 865 1680; x_wconf 80' lang='lat' dir='ltr'><strong>corrupte</strong></span> <span class='ocrx_word' id='word_1_127' title='bbox 893 1589 1053 1674; x_wconf 77' lang='grc' dir='ltr'><strong><em>ἕπόμιλλος</em></strong></span> <span class='ocrx_word' id='word_1_128' title='bbox 1080 1593 1117 1657; x_wconf 83' lang='grc'><strong>16</strong></span> <span class='ocrx_word' id='word_1_129' title='bbox 1144 1590 1199 1656; x_wconf 83' lang='lat' dir='ltr'><strong>Et.</strong></span> <span class='ocrx_word' id='word_1_130' title='bbox 1223 1590 1268 1655; x_wconf 89' lang='lat' dir='ltr'><strong>G.</strong></span> 
     </span>
     <span class='ocr_line' id='line_1_14' title="bbox 187 1689 1267 1782; baseline -0.007 -20"><span class='ocrx_word' id='word_1_131' title='bbox 187 1699 271 1782; x_wconf 80' lang='grc'>561,</span> <span class='ocrx_word' id='word_1_132' title='bbox 294 1691 354 1782; x_wconf 89' lang='grc'><strong>4),</strong></span> <span class='ocrx_word' id='word_1_133' title='bbox 385 1693 479 1776; x_wconf 70' lang='lat' dir='ltr'><strong>inops</strong></span> <span class='ocrx_word' id='word_1_134' title='bbox 500 1689 537 1756; x_wconf 91' lang='lat' dir='ltr'><strong>S.</strong></span> <span class='ocrx_word' id='word_1_135' title='bbox 559 1691 600 1773; x_wconf 92' lang='grc'><strong>2,</strong></span> <span class='ocrx_word' id='word_1_136' title='bbox 622 1691 660 1756; x_wconf 91' lang='grc'><strong>11</strong></span> <span class='ocrx_word' id='word_1_137' title='bbox 683 1702 717 1758; x_wconf 84' lang='lat' dir='ltr'><strong>et</strong></span> <span class='ocrx_word' id='word_1_138' title='bbox 736 1691 852 1777; x_wconf 80' lang='grc' dir='ltr'><strong><em>ὅρημαι</em></strong></span> <span class='ocrx_word' id='word_1_139' title='bbox 873 1715 923 1781; x_wconf 90' lang='lat' dir='ltr'><strong>ap.</strong></span> <span class='ocrx_word' id='word_1_140' title='bbox 947 1693 1049 1778; x_wconf 71' lang='lat' dir='ltr'><strong>Hes,</strong></span> <span class='ocrx_word' id='word_1_141' title='bbox 1081 1693 1207 1778; x_wconf 80' lang='grc' dir='ltr'><strong><em>ὅρπετον</em></strong></span> <span class='ocrx_word' id='word_1_142' title='bbox 1230 1690 1267 1756; x_wconf 91' lang='lat' dir='ltr'><strong>S.</strong></span> 
     </span>
     <span class='ocr_line' id='line_1_15' title="bbox 186 1790 1268 1878; baseline -0.009 -10"><span class='ocrx_word' id='word_1_143' title='bbox 186 1800 230 1868; x_wconf 83' lang='grc'><strong>26</strong></span> <span class='ocrx_word' id='word_1_144' title='bbox 258 1808 291 1864; x_wconf 85' lang='lat' dir='ltr'><strong>et</strong></span> <span class='ocrx_word' id='word_1_145' title='bbox 318 1797 459 1862; x_wconf 79' lang='lat' dir='ltr'><strong>Theocr.</strong></span> <span class='ocrx_word' id='word_1_146' title='bbox 487 1794 550 1877; x_wconf 91' lang='grc'><strong>29,</strong></span> <span class='ocrx_word' id='word_1_147' title='bbox 580 1793 640 1875; x_wconf 88' lang='grc'><strong>13,</strong></span> <span class='ocrx_word' id='word_1_148' title='bbox 678 1793 760 1871; x_wconf 79' lang='grc' dir='ltr'><em>ὅππη</em></span> <span class='ocrx_word' id='word_1_149' title='bbox 794 1794 900 1860; x_wconf 84' lang='lat' dir='ltr'><strong>Vatic.</strong></span> <span class='ocrx_word' id='word_1_150' title='bbox 931 1793 1013 1878; x_wconf 85' lang='grc'>696,</span> <span class='ocrx_word' id='word_1_151' title='bbox 1051 1792 1135 1877; x_wconf 80' lang='grc' dir='ltr'><strong>ὕδωρ</strong></span> <span class='ocrx_word' id='word_1_152' title='bbox 1168 1790 1203 1856; x_wconf 90' lang='grc'><strong>8.</strong></span> <span class='ocrx_word' id='word_1_153' title='bbox 1234 1793 1268 1870; x_wconf 90' lang='grc'>4,</span> 
     </span>
     <span class='ocr_line' id='line_1_16' title="bbox 185 1893 1269 1986; baseline -0.006 -22"><span class='ocrx_word' id='word_1_154' title='bbox 185 1900 307 1986; x_wconf 73' lang='grc' dir='ltr'><strong><em>ὁμάρτη</em></strong></span> <span class='ocrx_word' id='word_1_155' title='bbox 330 1898 470 1962; x_wconf 82' lang='lat' dir='ltr'><strong>Theocr.</strong></span> <span class='ocrx_word' id='word_1_156' title='bbox 490 1895 547 1978; x_wconf 83' lang='grc'><strong>28,</strong></span> <span class='ocrx_word' id='word_1_157' title='bbox 569 1895 610 1976; x_wconf 89' lang='grc'>4,</span> <span class='ocrx_word' id='word_1_158' title='bbox 631 1893 742 1975; x_wconf 79' lang='grc' dir='ltr'><strong><em>ὕμοιον</em></strong></span> <span class='ocrx_word' id='word_1_159' title='bbox 761 1895 817 1977; x_wconf 89' lang='grc'><strong>29,</strong></span> <span class='ocrx_word' id='word_1_160' title='bbox 837 1896 880 1963; x_wconf 79' lang='grc'><strong>26</strong></span> <span class='ocrx_word' id='word_1_161' title='bbox 900 1919 960 1984; x_wconf 86' lang='lat' dir='ltr'><strong>pro</strong></span> <span class='ocrx_word' id='word_1_162' title='bbox 982 1893 1129 1978; x_wconf 70' lang='grc' dir='ltr'><strong>ὁμάμτει,</strong></span> <span class='ocrx_word' id='word_1_163' title='bbox 1149 1893 1269 1975; x_wconf 78' lang='grc' dir='ltr'>ὅμοιον,</span> 
     </span>
     <span class='ocr_line' id='line_1_17' title="bbox 186 1994 1270 2086; baseline -0.006 -19"><span class='ocrx_word' id='word_1_164' title='bbox 186 2002 282 2084; x_wconf 81' lang='grc' dir='ltr'><strong><em>ὔμμες</em></strong></span> <span class='ocrx_word' id='word_1_165' title='bbox 302 2001 371 2066; x_wconf 81' lang='lat' dir='ltr'><strong>fere</strong></span> <span class='ocrx_word' id='word_1_166' title='bbox 395 2020 540 2086; x_wconf 80' lang='lat' dir='ltr'><strong>semper,</strong></span> <span class='ocrx_word' id='word_1_167' title='bbox 562 1995 684 2060; x_wconf 78' lang='grc' dir='ltr'><strong><em>ὔπισθα</em></strong></span> <span class='ocrx_word' id='word_1_168' title='bbox 706 1995 881 2076; x_wconf 69' lang='grc'>61366666</span> <span class='ocrx_word' id='word_1_169' title='bbox 897 1994 1011 2082; x_wconf 84' lang='lat' dir='ltr'><strong>Apoll.</strong></span> <span class='ocrx_word' id='word_1_170' title='bbox 1035 1995 1077 2062; x_wconf 76' lang='lat' dir='ltr'><strong>sle</strong></span> <span class='ocrx_word' id='word_1_171' title='bbox 1096 1996 1167 2061; x_wconf 76' lang='lat' dir='ltr'><strong>adr.</strong></span> <span class='ocrx_word' id='word_1_172' title='bbox 1191 1995 1270 2078; x_wconf 85' lang='grc'>666,</span> 
     </span>
     <span class='ocr_line' id='line_1_18' title="bbox 186 2095 1272 2189; baseline -0.006 -22"><span class='ocrx_word' id='word_1_173' title='bbox 186 2105 230 2170; x_wconf 86' lang='grc'><strong>16</strong></span> <span class='ocrx_word' id='word_1_174' title='bbox 258 2099 334 2189; x_wconf 81' lang='lat' dir='ltr'><strong>(sed</strong></span> <span class='ocrx_word' id='word_1_175' title='bbox 359 2107 441 2164; x_wconf 84' lang='lat' dir='ltr'><strong>teste</strong></span> <span class='ocrx_word' id='word_1_176' title='bbox 462 2096 575 2160; x_wconf 79' lang='lat' dir='ltr'><strong>Bastio</strong></span> <span class='ocrx_word' id='word_1_177' title='bbox 604 2095 643 2160; x_wconf 87' lang='lat' dir='ltr'><strong>ad</strong></span> <span class='ocrx_word' id='word_1_178' title='bbox 664 2095 764 2182; x_wconf 54' lang='lat' dir='ltr'><strong>Grrg‘.</strong></span> <span class='ocrx_word' id='word_1_179' title='bbox 789 2095 866 2160; x_wconf 82' lang='lat' dir='ltr'><strong>Gor.</strong></span> <span class='ocrx_word' id='word_1_180' title='bbox 890 2095 952 2162; x_wconf 87' lang='lat'><strong>187</strong></span> <span class='ocrx_word' id='word_1_181' title='bbox 979 2096 1135 2180; x_wconf 76' lang='grc' dir='ltr'>ὕπερθα),</span> <span class='ocrx_word' id='word_1_182' title='bbox 1166 2097 1272 2162; x_wconf 68' lang='lat' dir='ltr'><strong>toton</strong></span> 
     </span>
     <span class='ocr_line' id='line_1_19' title="bbox 184 2196 1273 2294; baseline -0.006 -25"><span class='ocrx_word' id='word_1_183' title='bbox 184 2229 246 2294; x_wconf 91' lang='lat' dir='ltr'><strong>pro</strong></span> <span class='ocrx_word' id='word_1_184' title='bbox 276 2203 356 2277; x_wconf 81' lang='grc' dir='ltr'><strong><em>ὄζων</em></strong></span> <span class='ocrx_word' id='word_1_185' title='bbox 377 2198 413 2263; x_wconf 90' lang='grc'><strong>8.</strong></span> <span class='ocrx_word' id='word_1_186' title='bbox 436 2198 476 2280; x_wconf 68' lang='grc'><strong>4,</strong></span> <span class='ocrx_word' id='word_1_187' title='bbox 505 2196 627 2261; x_wconf 62' lang='lat' dir='ltr'><strong>torosa</strong></span> <span class='ocrx_word' id='word_1_188' title='bbox 656 2207 688 2260; x_wconf 86' lang='lat' dir='ltr'><strong>et</strong></span> <span class='ocrx_word' id='word_1_189' title='bbox 708 2196 810 2265; x_wconf 76' lang='grc' dir='ltr'>6σὸ66</span> <span class='ocrx_word' id='word_1_190' title='bbox 837 2197 890 2262; x_wconf 88' lang='lat' dir='ltr'><strong>hic</strong></span> <span class='ocrx_word' id='word_1_191' title='bbox 918 2197 1115 2284; x_wconf 81' lang='lat' dir='ltr'><strong>adjecimus,</strong></span> <span class='ocrx_word' id='word_1_192' title='bbox 1147 2199 1224 2288; x_wconf 81' lang='lat' dir='ltr'><strong>quia</strong></span> <span class='ocrx_word' id='word_1_193' title='bbox 1254 2202 1273 2262; x_wconf 77' lang='grc' dir='ltr'><strong><em>ὗ</em></strong></span> 
     </span>
     <span class='ocr_line' id='line_1_20' title="bbox 185 2297 775 2388; baseline -0.012 -20"><span class='ocrx_word' id='word_1_194' title='bbox 185 2303 312 2370; x_wconf 85' lang='lat' dir='ltr'><strong>initiale</strong></span> <span class='ocrx_word' id='word_1_195' title='bbox 330 2299 429 2388; x_wconf 76' lang='lat' dir='ltr'><strong>vulgo</strong></span> <span class='ocrx_word' id='word_1_196' title='bbox 451 2321 602 2387; x_wconf 87' lang='lat' dir='ltr'><strong>asperum</strong></span> <span class='ocrx_word' id='word_1_197' title='bbox 621 2297 775 2385; x_wconf 82' lang='lat' dir='ltr'><strong>postulat.</strong></span> 
     </span>
    </p>

    <p class='ocr_par' dir='ltr' id='par_1_5' title="bbox 184 2397 1272 2693">
     <span class='ocr_line' id='line_1_21' title="bbox 270 2397 1271 2493; baseline 0.005 -29"><span class='ocrx_word' id='word_1_198' title='bbox 270 2399 312 2491; x_wconf 84' lang='lat'><strong>9)</strong></span> <span class='ocrx_word' id='word_1_199' title='bbox 332 2400 468 2490; x_wconf 70' lang='lat' dir='ltr'><strong>&#39;Igitur,</strong></span> <span class='ocrx_word' id='word_1_200' title='bbox 498 2399 566 2465; x_wconf 88' lang='lat' dir='ltr'><strong>uisi</strong></span> <span class='ocrx_word' id='word_1_201' title='bbox 594 2397 702 2465; x_wconf 85' lang='lat' dir='ltr'><strong>omnia</strong></span> <span class='ocrx_word' id='word_1_202' title='bbox 730 2423 791 2464; x_wconf 89' lang='lat' dir='ltr'><strong>nos</strong></span> <span class='ocrx_word' id='word_1_203' title='bbox 818 2400 955 2486; x_wconf 81' lang='lat' dir='ltr'><strong>fallunt,</strong></span> <span class='ocrx_word' id='word_1_204' title='bbox 988 2425 1172 2493; x_wconf 87' lang='lat' dir='ltr'><strong>quanquam</strong></span> <span class='ocrx_word' id='word_1_205' title='bbox 1200 2427 1271 2470; x_wconf 90' lang='grc'><strong>666</strong></span> 
     </span>
     <span class='ocr_line' id='line_1_22' title="bbox 185 2500 1272 2588; baseline -0.004 -15"><span class='ocrx_word' id='word_1_206' title='bbox 185 2505 423 2586; x_wconf 82' lang='lat' dir='ltr'><strong>certissimum,</strong></span> <span class='ocrx_word' id='word_1_207' title='bbox 458 2500 537 2566; x_wconf 80' lang='lat' dir='ltr'><strong>satis&#39;</strong></span> <span class='ocrx_word' id='word_1_208' title='bbox 563 2509 670 2564; x_wconf 84' lang='lat' dir='ltr'><strong>tamen</strong></span> <span class='ocrx_word' id='word_1_209' title='bbox 697 2501 869 2588; x_wconf 83' lang='lat' dir='ltr'><strong>probabile</strong></span> <span class='ocrx_word' id='word_1_210' title='bbox 886 2513 954 2586; x_wconf 88' lang='lat' dir='ltr'><strong>est,</strong></span> <span class='ocrx_word' id='word_1_211' title='bbox 983 2503 1106 2569; x_wconf 78' lang='lat' dir='ltr'><strong>Aeolcs</strong></span> <span class='ocrx_word' id='word_1_212' title='bbox 1124 2504 1272 2570; x_wconf 83' lang='lat' dir='ltr'><strong>Asianos</strong></span> 
     </span>
     <span class='ocr_line' id='line_1_23' title="bbox 184 2600 1272 2693; baseline -0.004 -19"><span class='ocrx_word' id='word_1_213' title='bbox 184 2633 261 2674; x_wconf 90' lang='lat' dir='ltr'><strong>eum</strong></span> <span class='ocrx_word' id='word_1_214' title='bbox 292 2604 429 2692; x_wconf 82' lang='lat' dir='ltr'><strong>reliquis</strong></span> <span class='ocrx_word' id='word_1_215' title='bbox 449 2600 585 2667; x_wconf 81' lang='lat' dir='ltr'><strong>Graecis</strong></span> <span class='ocrx_word' id='word_1_216' title='bbox 610 2602 679 2667; x_wconf 86' lang='lat' dir='ltr'><strong>l&#39;ere</strong></span> <span class='ocrx_word' id='word_1_217' title='bbox 708 2625 910 2670; x_wconf 89' lang='lat' dir='ltr'><strong>communem</strong></span> <span class='ocrx_word' id='word_1_218' title='bbox 939 2604 1093 2670; x_wconf 81' lang='lat' dir='ltr'><strong>lralsuirse</strong></span> <span class='ocrx_word' id='word_1_219' title='bbox 1118 2628 1272 2693; x_wconf 83' lang='lat' dir='ltr'><strong>asperum</strong></span> 
     </span>
    </p>
   </div>
   <div class='ocr_carea' id='block_1_5' title="bbox 185 2692 1373 2896">
    <p class='ocr_par' dir='ltr' id='par_1_6' title="bbox 185 2692 1373 2896">
     <span class='ocr_line' id='line_1_24' title="bbox 185 2692 1373 2793; baseline -0.008 -14"><span class='ocrx_word' id='word_1_220' title='bbox 185 2692 355 2793; x_wconf 65' lang='lat' dir='ltr'><strong>esvelJ</strong></span> <span class='ocrx_word' id='word_1_221' title='bbox 372 2715 501 2787; x_wconf 83' lang='lat' dir='ltr'><strong>natum,</strong></span> <span class='ocrx_word' id='word_1_222' title='bbox 537 2713 649 2768; x_wconf 79' lang='lat' dir='ltr'><strong>contre</strong></span> <span class='ocrx_word' id='word_1_223' title='bbox 679 2703 755 2768; x_wconf 85' lang='lat' dir='ltr'><strong>aliis</strong></span> <span class='ocrx_word' id='word_1_224' title='bbox 782 2706 890 2771; x_wconf 87' lang='lat' dir='ltr'><strong>eousis</strong></span> <span class='ocrx_word' id='word_1_225' title='bbox 919 2706 1118 2789; x_wconf 79' lang='lat' dir='ltr'><strong>recentiore,</strong></span> <span class='ocrx_word' id='word_1_226' title='bbox 1142 2716 1191 2770; x_wconf 85' lang='lat' dir='ltr'><strong>nt</strong></span> <span class='ocrx_word' id='word_1_227' title='bbox 1218 2707 1269 2771; x_wconf 86' lang='lat' dir='ltr'><strong>vi·</strong></span> <span class='ocrx_word' id='word_1_228' title='bbox 1312 2767 1315 2772; x_wconf 83' lang='lat'><strong>.</strong></span> <span class='ocrx_word' id='word_1_229' title='bbox 1372 2697 1373 2700; x_wconf 25' lang='lat'>¹</span> 
     </span>
     <span class='ocr_line' id='line_1_25' title="bbox 186 2804 1373 2896; baseline -0.007 -18"><span class='ocrx_word' id='word_1_230' title='bbox 186 2813 291 2888; x_wconf 75' lang='grc'>16166,</span> <span class='ocrx_word' id='word_1_231' title='bbox 313 2820 458 2896; x_wconf 83' lang='lat' dir='ltr'><strong>tempore</strong></span> <span class='ocrx_word' id='word_1_232' title='bbox 481 2805 607 2890; x_wconf 79' lang='lat' dir='ltr'><strong>inaliis</strong></span> <span class='ocrx_word' id='word_1_233' title='bbox 623 2804 771 2871; x_wconf 74' lang='lat' dir='ltr'><strong>dialectis</strong></span> <span class='ocrx_word' id='word_1_234' title='bbox 792 2807 935 2872; x_wconf 81' lang='lat' dir='ltr'><strong>additum</strong></span> <span class='ocrx_word' id='word_1_235' title='bbox 956 2807 1135 2896; x_wconf 76' lang='lat' dir='ltr'><strong>respuisse.</strong></span> <span class='ocrx_word' id='word_1_236' title='bbox 1178 2807 1270 2872; x_wconf 80' lang='lat' dir='ltr'><strong>Ern-</strong></span> <span class='ocrx_word' id='word_1_237' title='bbox 1372 2831 1373 2844; x_wconf 57' lang='lat'>¹</span> 
     </span>
    </p>
   </div>
   <div class='ocr_carea' id='block_1_6' title="bbox 185 2906 1270 3298">
    <p class='ocr_par' dir='ltr' id='par_1_7' title="bbox 185 2906 1270 3298">
     <span class='ocr_line' id='line_1_26' title="bbox 185 2906 1270 2999; baseline -0.005 -20"><span class='ocrx_word' id='word_1_238' title='bbox 185 2915 259 2979; x_wconf 83' lang='lat' dir='ltr'><strong>dem</strong></span> <span class='ocrx_word' id='word_1_239' title='bbox 285 2913 393 2999; x_wconf 68' lang='lat' dir='ltr'><strong>legem</strong></span> <span class='ocrx_word' id='word_1_240' title='bbox 423 2909 459 2972; x_wconf 90' lang='lat' dir='ltr'><strong>in</strong></span> <span class='ocrx_word' id='word_1_241' title='bbox 477 2906 690 2973; x_wconf 85' lang='lat' dir='ltr'><strong>Aeolicorum</strong></span> <span class='ocrx_word' id='word_1_242' title='bbox 722 2919 888 2995; x_wconf 82' lang='lat' dir='ltr'><strong>poetarum</strong></span> <span class='ocrx_word' id='word_1_243' title='bbox 909 2907 1058 2996; x_wconf 87' lang='lat' dir='ltr'><strong>reliquiis</strong></span> <span class='ocrx_word' id='word_1_244' title='bbox 1080 2909 1270 2974; x_wconf 82' lang='lat' dir='ltr'><strong>descrihen-</strong></span> 
     </span>
     <span class='ocr_line' id='line_1_27' title="bbox 185 3007 1270 3100; baseline -0.005 -21"><span class='ocrx_word' id='word_1_245' title='bbox 185 3015 258 3096; x_wconf 73' lang='lat' dir='ltr'><strong>rlis,</strong></span> <span class='ocrx_word' id='word_1_246' title='bbox 281 3021 435 3100; x_wconf 76' lang='lat' dir='ltr'><strong>quantum</strong></span> <span class='ocrx_word' id='word_1_247' title='bbox 454 3007 528 3073; x_wconf 86' lang='lat' dir='ltr'><strong>lieri</strong></span> <span class='ocrx_word' id='word_1_248' title='bbox 546 3017 683 3097; x_wconf 88' lang='lat' dir='ltr'><strong>poterut,</strong></span> <span class='ocrx_word' id='word_1_249' title='bbox 705 3008 902 3096; x_wconf 86' lang='lat' dir='ltr'><strong>sequendam</strong></span> <span class='ocrx_word' id='word_1_250' title='bbox 924 3009 1087 3074; x_wconf 84' lang='lat' dir='ltr'><strong>duximus.</strong></span> <span class='ocrx_word' id='word_1_251' title='bbox 1132 3010 1171 3074; x_wconf 90' lang='lat' dir='ltr'><strong>ln</strong></span> <span class='ocrx_word' id='word_1_252' title='bbox 1194 3011 1270 3075; x_wconf 84' lang='lat' dir='ltr'><strong>uni·</strong></span> 
     </span>
     <span class='ocr_line' id='line_1_28' title="bbox 185 3109 1270 3200; baseline -0.005 -18"><span class='ocrx_word' id='word_1_253' title='bbox 185 3137 316 3196; x_wconf 78' lang='lat' dir='ltr'><strong>versum</strong></span> <span class='ocrx_word' id='word_1_254' title='bbox 336 3110 529 3198; x_wconf 69' lang='lat' dir='ltr'><strong>reliquimus</strong></span> <span class='ocrx_word' id='word_1_255' title='bbox 542 3133 692 3198; x_wconf 75' lang='lat' dir='ltr'><strong>asperum</strong></span> <span class='ocrx_word' id='word_1_256' title='bbox 708 3109 887 3195; x_wconf 70' lang='lat' dir='ltr'><strong>vulgatum,</strong></span> <span class='ocrx_word' id='word_1_257' title='bbox 910 3109 940 3174; x_wconf 92' lang='lat' dir='ltr'><strong>si</strong></span> <span class='ocrx_word' id='word_1_258' title='bbox 962 3120 1047 3175; x_wconf 87' lang='lat' dir='ltr'><strong>certa</strong></span> <span class='ocrx_word' id='word_1_259' title='bbox 1067 3110 1154 3200; x_wconf 78' lang='lat' dir='ltr'><strong>lenis</strong></span> <span class='ocrx_word' id='word_1_260' title='bbox 1175 3135 1270 3199; x_wconf 87' lang='lat' dir='ltr'><strong>prac-</strong></span> 
     </span>
     <span class='ocr_line' id='line_1_29' title="bbox 185 3208 1270 3298; baseline -0.006 -15"><span class='ocrx_word' id='word_1_261' title='bbox 185 3215 311 3283; x_wconf 83' lang='lat' dir='ltr'><strong>ferendi</strong></span> <span class='ocrx_word' id='word_1_262' title='bbox 326 3235 422 3277; x_wconf 78' lang='lat' dir='ltr'><strong>caussa</strong></span> <span class='ocrx_word' id='word_1_263' title='bbox 439 3210 575 3275; x_wconf 82' lang='lat' dir='ltr'><strong>deesset.</strong></span> <span class='ocrx_word' id='word_1_264' title='bbox 621 3208 744 3273; x_wconf 87' lang='lat' dir='ltr'><strong>Lenem</strong></span> <span class='ocrx_word' id='word_1_265' title='bbox 765 3211 934 3298; x_wconf 88' lang='lat' dir='ltr'><strong>posuimus</strong></span> <span class='ocrx_word' id='word_1_266' title='bbox 956 3211 991 3274; x_wconf 90' lang='lat' dir='ltr'><strong>in</strong></span> <span class='ocrx_word' id='word_1_267' title='bbox 1010 3212 1162 3276; x_wconf 87' lang='lat' dir='ltr'><strong>omnibus</strong></span> <span class='ocrx_word' id='word_1_268' title='bbox 1179 3214 1270 3277; x_wconf 88' lang='lat' dir='ltr'><strong>voci·</strong></span> 
     </span>
    </p>
   </div>
   <div class='ocr_carea' id='block_1_7' title="bbox 49 3309 1270 3403">
    <p class='ocr_par' dir='ltr' id='par_1_8' title="bbox 49 3309 1270 3403">
     <span class='ocr_line' id='line_1_30' title="bbox 49 3309 1270 3403; baseline -0.005 -19"><span class='ocrx_word' id='word_1_269' title='bbox 49 3337 52 3342; x_wconf 80' lang='grc'><strong><em>·</em></strong></span> <span class='ocrx_word' id='word_1_270' title='bbox 183 3321 266 3402; x_wconf 87' lang='lat' dir='ltr'><strong>bus,</strong></span> <span class='ocrx_word' id='word_1_271' title='bbox 300 3313 458 3403; x_wconf 88' lang='lat' dir='ltr'><strong>stirpibus</strong></span> <span class='ocrx_word' id='word_1_272' title='bbox 482 3320 513 3376; x_wconf 91' lang='lat' dir='ltr'><strong>et</strong></span> <span class='ocrx_word' id='word_1_273' title='bbox 534 3309 666 3394; x_wconf 82' lang='lat' dir='ltr'><strong>formis,</strong></span> <span class='ocrx_word' id='word_1_274' title='bbox 696 3331 777 3398; x_wconf 85' lang='lat' dir='ltr'><strong>quas</strong></span> <span class='ocrx_word' id='word_1_275' title='bbox 799 3312 935 3376; x_wconf 83' lang='lat' dir='ltr'><strong>certiora</strong></span> <span class='ocrx_word' id='word_1_276' title='bbox 955 3311 1041 3376; x_wconf 88' lang='lat' dir='ltr'><strong>lenis</strong></span> <span class='ocrx_word' id='word_1_277' title='bbox 1070 3313 1191 3378; x_wconf 81' lang='lat' dir='ltr'><strong>iudicia</strong></span> <span class='ocrx_word' id='word_1_278' title='bbox 1211 3313 1270 3378; x_wconf 85' lang='lat' dir='ltr'><strong>lra-</strong></span> 
     </span>
    </p>
   </div>
   <div class='ocr_carea' id='block_1_8' title="bbox 182 3411 1272 3704">
    <p class='ocr_par' dir='ltr' id='par_1_9' title="bbox 182 3411 1272 3704">
     <span class='ocr_line' id='line_1_31' title="bbox 182 3411 1272 3514; baseline -0.011 -27"><span class='ocrx_word' id='word_1_279' title='bbox 182 3421 261 3489; x_wconf 80' lang='grc'>16666</span> <span class='ocrx_word' id='word_1_280' title='bbox 280 3415 422 3488; x_wconf 71' lang='lat' dir='ltr'><strong>vidimus</strong></span> <span class='ocrx_word' id='word_1_281' title='bbox 443 3435 493 3485; x_wconf 78' lang='lat'>¹11¹·</span> <span class='ocrx_word' id='word_1_282' title='bbox 511 3411 550 3496; x_wconf 76' lang='lat'><strong>53</strong></span> <span class='ocrx_word' id='word_1_283' title='bbox 571 3434 721 3498; x_wconf 65' lang='lat' dir='ltr'><strong>asperum</strong></span> <span class='ocrx_word' id='word_1_284' title='bbox 742 3413 915 3514; x_wconf 77' lang='lat' dir='ltr'><strong>maluimus</strong></span> <span class='ocrx_word' id='word_1_285' title='bbox 937 3414 972 3485; x_wconf 87' lang='lat' dir='ltr'><strong>in</strong></span> <span class='ocrx_word' id='word_1_286' title='bbox 993 3413 1163 3497; x_wconf 64' lang='lat' dir='ltr'><strong>radicem,</strong></span> <span class='ocrx_word' id='word_1_287' title='bbox 1186 3414 1272 3480; x_wconf 87' lang='lat' dir='ltr'><strong>adeo</strong></span> 
     </span>
     <span class='ocr_line' id='line_1_32' title="bbox 184 3509 1270 3598; baseline -0.005 -12"><span class='ocrx_word' id='word_1_288' title='bbox 184 3520 232 3586; x_wconf 71' lang='grc' dir='ltr'><strong>ἔθ’</strong></span> <span class='ocrx_word' id='word_1_289' title='bbox 253 3520 322 3598; x_wconf 73' lang='grc' dir='ltr'><strong>ἥκει</strong></span> <span class='ocrx_word' id='word_1_290' title='bbox 343 3515 379 3582; x_wconf 90' lang='grc'><strong>8.</strong></span> <span class='ocrx_word' id='word_1_291' title='bbox 402 3518 441 3598; x_wconf 86' lang='grc'><strong>2,</strong></span> <span class='ocrx_word' id='word_1_292' title='bbox 464 3513 485 3580; x_wconf 89' lang='lat'>8</span> <span class='ocrx_word' id='word_1_293' title='bbox 506 3523 538 3578; x_wconf 84' lang='lat' dir='ltr'><strong>et</strong></span> <span class='ocrx_word' id='word_1_294' title='bbox 560 3509 699 3594; x_wconf 71' lang='grc' dir='ltr'><strong>ἀφίξεται</strong></span> <span class='ocrx_word' id='word_1_295' title='bbox 719 3511 859 3580; x_wconf 84' lang='lat' dir='ltr'><strong>Thcoer.</strong></span> <span class='ocrx_word' id='word_1_296' title='bbox 882 3516 943 3598; x_wconf 84' lang='grc'><strong>29,</strong></span> <span class='ocrx_word' id='word_1_297' title='bbox 968 3514 1008 3579; x_wconf 89' lang='grc'>13</span> <span class='ocrx_word' id='word_1_298' title='bbox 1033 3535 1100 3577; x_wconf 87' lang='grc'><strong>666</strong></span> <span class='ocrx_word' id='word_1_299' title='bbox 1123 3513 1196 3579; x_wconf 82' lang='lat' dir='ltr'><strong>sine</strong></span> <span class='ocrx_word' id='word_1_300' title='bbox 1225 3516 1270 3581; x_wconf 90' lang='lat' dir='ltr'><strong>li·</strong></span> 
     </span>
     <span class='ocr_line' id='line_1_33' title="bbox 185 3611 1271 3704; baseline -0.01 -15"><span class='ocrx_word' id='word_1_301' title='bbox 185 3623 256 3690; x_wconf 86' lang='lat' dir='ltr'><strong>bris</strong></span> <span class='ocrx_word' id='word_1_302' title='bbox 281 3615 503 3699; x_wconf 86' lang='lat' dir='ltr'><strong>restituimus,</strong></span> <span class='ocrx_word' id='word_1_303' title='bbox 536 3611 603 3683; x_wconf 79' lang='lat' dir='ltr'><strong>vid.</strong></span> <span class='ocrx_word' id='word_1_304' title='bbox 637 3637 687 3676; x_wconf 87' lang='grc'><strong>66.</strong></span> <span class='ocrx_word' id='word_1_305' title='bbox 710 3611 743 3679; x_wconf 90' lang='grc'><strong>7.</strong></span> <span class='ocrx_word' id='word_1_306' title='bbox 794 3616 963 3682; x_wconf 81' lang='lat' dir='ltr'><strong>Praeterea</strong></span> <span class='ocrx_word' id='word_1_307' title='bbox 993 3614 1119 3698; x_wconf 84' lang='lat' dir='ltr'><strong>lenem,</strong></span> <span class='ocrx_word' id='word_1_308' title='bbox 1148 3615 1271 3704; x_wconf 82' lang='lat' dir='ltr'><strong>partim</strong></span> 
     </span>
    </p>
   </div>
   <div class='ocr_carea' id='block_1_9' title="bbox 184 3713 1372 3814">
    <p class='ocr_par' dir='ltr' id='par_1_10' title="bbox 184 3713 1372 3814">
     <span class='ocr_line' id='line_1_34' title="bbox 184 3713 1372 3814; baseline -0.034 -24"><span class='ocrx_word' id='word_1_309' title='bbox 184 3720 389 3810; x_wconf 76' lang='lat' dir='ltr'><strong>cumulique</strong></span> <span class='ocrx_word' id='word_1_310' title='bbox 413 3717 571 3788; x_wconf 84' lang='lat' dir='ltr'><strong>librorum</strong></span> <span class='ocrx_word' id='word_1_311' title='bbox 597 3713 783 3788; x_wconf 82' lang='lat' dir='ltr'><strong>auctoritate</strong></span> <span class='ocrx_word' id='word_1_312' title='bbox 809 3739 867 3805; x_wconf 91' lang='lat' dir='ltr'><strong>pro</strong></span> <span class='ocrx_word' id='word_1_313' title='bbox 889 3717 1019 3806; x_wconf 72' lang='lat' dir='ltr'><strong>vulgato</strong></span> <span class='ocrx_word' id='word_1_314' title='bbox 1041 3739 1155 3814; x_wconf 81' lang='lat' dir='ltr'><strong>aspero</strong></span> <span class='ocrx_word' id='word_1_315' title='bbox 1176 3716 1272 3785; x_wconf 68' lang='lat' dir='ltr'>addi.</span> <span class='ocrx_word' id='word_1_316' title='bbox 1371 3725 1372 3748; x_wconf 64' lang='lat'><strong>.</strong></span> 
     </span>
    </p>
   </div>
   <div class='ocr_carea' id='block_1_10' title="bbox 185 3819 1275 4218">
    <p class='ocr_par' dir='ltr' id='par_1_11' title="bbox 185 3819 444 3892">
     <span class='ocr_line' id='line_1_35' title="bbox 185 3819 444 3892; baseline -0.023 -2"><span class='ocrx_word' id='word_1_317' title='bbox 185 3825 292 3892; x_wconf 77' lang='lat' dir='ltr'><strong>dhuus</strong></span> <span class='ocrx_word' id='word_1_318' title='bbox 313 3822 349 3886; x_wconf 90' lang='lat' dir='ltr'><strong>in</strong></span> <span class='ocrx_word' id='word_1_319' title='bbox 369 3819 444 3892; x_wconf 79' lang='lat' dir='ltr'><strong>hisr</strong></span> 
     </span>
    </p>

    <p class='ocr_par' dir='ltr' id='par_1_12' title="bbox 186 3909 1274 4114">
     <span class='ocr_line' id='line_1_36' title="bbox 270 3909 1274 4010; baseline -0.006 -20"><span class='ocrx_word' id='word_1_320' title='bbox 270 3922 461 4010; x_wconf 72' lang='grc' dir='ltr'>61μῆ66666</span> <span class='ocrx_word' id='word_1_321' title='bbox 492 3921 567 3988; x_wconf 85' lang='lat' dir='ltr'><strong>Alc.</strong></span> <span class='ocrx_word' id='word_1_322' title='bbox 591 3919 651 4003; x_wconf 84' lang='lat'><strong>57,</strong></span> <span class='ocrx_word' id='word_1_323' title='bbox 681 3919 755 4007; x_wconf 86' lang='lat' dir='ltr'><strong>quia</strong></span> <span class='ocrx_word' id='word_1_324' title='bbox 787 3917 913 4001; x_wconf 75' lang='grc' dir='ltr'><strong><em>ἆγεόμαι</em></strong></span> <span class='ocrx_word' id='word_1_325' title='bbox 940 3917 980 3984; x_wconf 89' lang='lat' dir='ltr'><strong>ah</strong></span> <span class='ocrx_word' id='word_1_326' title='bbox 1003 3919 1066 4002; x_wconf 70' lang='lat' dir='ltr'><strong>ripn</strong></span> <span class='ocrx_word' id='word_1_327' title='bbox 1088 3909 1274 3988; x_wconf 78' lang='lat' dir='ltr'><strong>derivatum</strong></span> 
     </span>
     <span class='ocr_line' id='line_1_37' title="bbox 186 4019 1137 4114; baseline -0.011 -22"><span class='ocrx_word' id='word_1_328' title='bbox 186 4026 283 4095; x_wconf 83' lang='lat' dir='ltr'><strong>etiam</strong></span> <span class='ocrx_word' id='word_1_329' title='bbox 304 4024 389 4114; x_wconf 84' lang='lat' dir='ltr'><strong>apud</strong></span> <span class='ocrx_word' id='word_1_330' title='bbox 409 4024 514 4094; x_wconf 84' lang='lat' dir='ltr'><strong>Dores</strong></span> <span class='ocrx_word' id='word_1_331' title='bbox 535 4023 641 4092; x_wconf 86' lang='lat' dir='ltr'><strong>lencm</strong></span> <span class='ocrx_word' id='word_1_332' title='bbox 662 4021 775 4103; x_wconf 79' lang='lat' dir='ltr'><strong>hahet,</strong></span> <span class='ocrx_word' id='word_1_333' title='bbox 798 4019 864 4085; x_wconf 80' lang='lat' dir='ltr'><strong>vid.</strong></span> <span class='ocrx_word' id='word_1_334' title='bbox 887 4019 987 4086; x_wconf 86' lang='lat' dir='ltr'><strong>Giese</strong></span> <span class='ocrx_word' id='word_1_335' title='bbox 1008 4046 1041 4110; x_wconf 89' lang='lat' dir='ltr'><strong>p.</strong></span> <span class='ocrx_word' id='word_1_336' title='bbox 1065 4021 1137 4088; x_wconf 87' lang='grc'>417.</span> 
     </span>
    </p>

    <p class='ocr_par' dir='ltr' id='par_1_13' title="bbox 273 4116 1275 4218">
     <span class='ocr_line' id='line_1_38' title="bbox 273 4116 1275 4218; baseline -0.006 -28"><span class='ocrx_word' id='word_1_337' title='bbox 273 4119 384 4203; x_wconf 69' lang='lat' dir='ltr'><strong>idve,</strong></span> <span class='ocrx_word' id='word_1_338' title='bbox 408 4124 484 4218; x_wconf 84' lang='lat' dir='ltr'><strong>quia</strong></span> <span class='ocrx_word' id='word_1_339' title='bbox 505 4123 673 4212; x_wconf 83' lang='lat' dir='ltr'><strong>antiquum</strong></span> <span class='ocrx_word' id='word_1_340' title='bbox 695 4121 872 4211; x_wconf 69' lang='lat' dir='ltr'><strong>digamma,</strong></span> <span class='ocrx_word' id='word_1_341' title='bbox 896 4123 991 4188; x_wconf 86' lang='lat' dir='ltr'><strong>etiam</strong></span> <span class='ocrx_word' id='word_1_342' title='bbox 1011 4116 1174 4193; x_wconf 82' lang='lat' dir='ltr'><strong>Aeolilrus</strong></span> <span class='ocrx_word' id='word_1_343' title='bbox 1196 4120 1275 4185; x_wconf 87' lang='lat' dir='ltr'><strong>usi-</strong></span> 
     </span>
    </p>
   </div>
   <div class='ocr_carea' id='block_1_11' title="bbox 0 0 1378 4832">
    <p class='ocr_par' dir='ltr' id='par_1_14' title="bbox 0 0 1378 4832">
     <span class='ocr_line' id='line_1_39' title="bbox 0 0 1378 4832; baseline 0 0"><span class='ocrx_word' id='word_1_344' title='bbox 0 0 1378 4832; x_wconf 95' lang='lat' dir='ltr'><strong> </strong></span> 
     </span>
    </p>
   </div>
  </div>
 </body>
</html>
