2748 4832
1090 263 1160 340 Vll
1188 306 1191 311 -

81 489 143 568 qne
164 476 223 566 qui
244 447 280 541 id
299 476 436 582 faceret,
468 470 606 562 indiguo
633 470 699 537 otio
727 469 886 536 abusarus
911 491 982 534 esse
1011 468 1164 557 cuiquam·

80 613 184 682 videri
211 621 354 704 poterut,
389 610 446 700 qui
467 608 598 699 quidem
619 605 774 671 Graecam
800 605 947 692 lingnam
967 615 1000 671 et
1020 603 1160 668 Graecos

81 751 255 846 scriptores
277 746 456 814 accuratius
476 766 671 832 cognoscere
692 764 807 830 operae
827 741 967 830 pretium
987 739 1160 826 judiceret,

81 887 277 976 praesertim
302 894 470 973 postquam
497 879 679 946 dacobus
708 875 946 958 Grimmius,
979 876 1030 942 vir
1059 874 1161 952 omui·

83 1049 166 1118 gena
193 1022 289 1090 laude
317 1018 550 1098 cumulandus,
587 1013 762 1104 conspicuo
791 1013 1024 1092 Grammaticce
1052 1011 1164 1076 Diuti-

83 1183 156 1228 scae
186 1157 333 1246 exemplo
362 1153 489 1230 docuit,
527 1151 736 1223 dislcctorum
765 1147 941 1214 secundam
967 1157 1086 1214 aetates
1112 1146 1165 1212 vel

83 1297 201 1385 stirpes
224 1294 421 1360 diversarum
442 1289 591 1376 diligenti
616 1301 648 1352 ct
676 1285 785 1376 sagaci
805 1285 1040 1377 comparatione
1068 1305 1165 1371 quam

20 1451 22 1456 '
83 1429 186 1523 possit
205 1427 241 1492 in
263 1415 384 1490 secreta
403 1425 588 1514 linguarum
608 1421 780 1512 penetrari.

172 1563 292 1632 Contra
313 1559 538 1650 exponendum
560 1569 640 1660 est,⁸
662 1581 721 1625 cur
741 1554 860 1622 nostris
880 1552 1024 1618 humeris
1045 1550 1168 1638 gravis-

88 1707 207 1772 simum
228 1725 311 1766 onus
333 1698 442 1764 subire
463 1695 570 1762 conati
583 1695 711 1776 «simus,
739 1665 845 1780 neque
866 1691 1004 1757 aliorum
1025 1711 1168 1776 operam,

88 1837 277 1932 praesertim
296 1833 422 1902 liberali
442 1831 658 1922 praemiorum
678 1827 910 1918 pollicitatione
932 1849 1037 1913 nuper
1053 1822 1169 1890 excita-

88 1992 172 2054 mm,
204 1978 388 2060 exspectare
414 1964 633 2032 maluerims.
689 1961 844 2054 Lustrum
872 1961 973 2026 t'crruc
1000 1957 1172 2044 praeterla-

88 2136 186 2203 psum
207 2119 274 2192 est,
304 2129 344 2170 ex
367 2125 433 2194 quo
454 2100 554 2166 otium
574 2107 719 2162 nostrum
739 2092 929 2174 Homericae
950 2091 1083 2191 linguaue
1102 2111 1172 2177 per·

91 2199 299 2336 vestigationi
325 2215 481 2306 dedimus
505 2258 607 2325 eoque
646 2232 790 2299 omnium
815 2221 932 2294 virium
967 2227 1174 2294 contentione

93 2385 173 2456 eniti
195 2378 440 2460 constituimus,
469 2386 506 2440 ut
526 2396 633 2439 veram
655 2381 687 2438 et
706 2370 924 2456 incorruptam
945 2368 1088 2434 Graecae
1108 2364 1174 2430 liu-

39 2509 42 2516 ⁵
94 2547 192 2614 guae,
215 2542 280 2610 qua
298 2515 459 2582 Homerus
479 2526 558 2576 usus
579 2473 838 2596 essetsspeeiem
859 2529 954 2594 quam
975 2503 1046 2570 fieri
1065 2513 1176 2592 posset

94 2653 333 2728 accuratissime
347 2648 610 2718 describeremus.
655 2643 730 2726 Quo
751 2667 852 2733 quum
871 2641 1010 2730 primum
1025 2638 1175 2728 diligenti

54 2797 201 2888 ¹ipsius
228 2789 419 2858 Homericae
452 2785 583 2884 linguae
615 2779 838 2850 observatione
874 2775 1042 2864 pervenire
1070 2772 1176 2838 conati

98 2952 261 3012 essemus,
288 2945 396 3014 neque
420 2899 494 2986 'sina
520 2917 634 3012 aliquo
655 2915 783 2997 fructu,
816 2911 882 2978 nisi
900 2913 983 2978 forte
1005 2909 1175 2976 documen·

98 3085 167 3138 tam
187 3064 288 3134 studii
306 3059 426 3138 nostri,
465 3053 608 3148 quadiu
628 3055 734 3120 lucem
756 3049 915 3117 edidimus
936 3049 990 3132 ¹),
1018 3011 1177 3114 immerito

101 3206 264 3270 doctorum
291 3171 492 3287 quorundam
518 3187 658 3277 aliquam
678 3183 806 3248 laudem
834 3182 930 3266 talita
966 3207 1042 3248 mox
1070 3193 1176 3248 tamen

100 3341 299 3407 intellectum
319 3344 387 3416 cst,
409 3350 564 3394 summam
585 3323 692 3413 operis
713 3345 779 3386 non
796 3345 892 3409 posse
916 3346 976 3388 nos
997 3291 1195 3404 absolverer

102 3477 166 3544 uisi
186 3481 331 3542 accurata
346 3467 541 3534 Graecarum
560 3461 768 3529 dialectorum
783 3458 969 3548 cognitione
990 3460 1175 3526 instructos.

107 3613 159 3680 Eo
183 3611 256 3702 ipso
283 3621 446 3698 tempore,
476 3597 644 3668 novissimi
663 3597 742 3664 anni
761 3619 872 3664 mense
891 3595 1027 3677 Martio,
1057 3597 1093 3663 in
1113 3621 1178 3663 ma.

138 3938 165 4005 *)
199 3933 295 3990 Ueber
325 3930 374 3985 die
402 3927 585 3997 conjugatio·
622 3927 671 3983 aut
700 3948 733 4004 po
762 3926 800 3983 im
826 3927 1014 3985 homerischea
1041 3926 1176 3983 Dialecte·

135 4133 138 4144 ἵ
205 4053 388 4114 Nordhausen
405 4051 481 4108 1838.
