2748 4832
226 301 256 394 l.
275 303 321 381 ιθ.
371 305 438 382 De·
452 300 690 399 duplicatione
715 297 944 400 liquidarum.
1074 299 1129 378 63

28 531 34 546 ·
64 506 226 595 antiquitus
255 505 415 596 liquidam
439 526 511 570 enm
542 505 605 570 ulia
633 519 830 572 consonante
845 506 992 592 junctam
1010 503 1127 607 luisse,

62 631 116 695 qua
135 610 235 695 ejecta
256 611 351 675 lanes
372 608 514 672 vocalem
534 607 663 672 brevem
681 607 917 696 producebant,
947 585 1067 672 Aeoles
1087 608 1127 673 li·

62 709 180 794 quidam
203 707 425 796 duplicabant,
458 707 576 772 Atticis
597 718 745 772 neutrum
767 707 968 772 facientibus.
1012 707 1130 797 Neque

62 809 145 872 aliter
170 833 204 872 se
232 809 394 874 babeut’
378 833 426 872 ενι
453 831 513 897 pro
542 811 601 886 αἰι,
636 810 668 871 ἐν
697 819 729 872 et
749 811 886 893 περ’ῥατα
906 833 965 896 pro
985 813 1126 894 πείρατα,

62 911 185 992 πέρατα,
218 934 299 998 quae
331 909 524 995 conjecturis
554 909 777 997 probabilibus
806 909 941 974 Aeolica
973 911 1129 974 habentur

63 1009 132 1090 (vid.
155 1035 203 1076 nr.
227 1010 248 1075 6
276 1021 309 1074 et
328 1011 380 1089 8),
412 1009 550 1098 deniqne
577 1011 667 1092 γόννα
688 1033 746 1097 pro
766 1014 879 1093 γοῦνα,
910 1008 985 1092 ydra
1007 1015 1070 1092 (nr.
1093 1013 1129 1083 9)

63 1122 91 1174 et
108 1110 256 1198 Ζόιαυξας
275 1135 333 1198 pro
354 1109 715 1186 Aadvvooe,·Atdrvooe
737 1118 800 1190 (nr.
825 1111 890 1193 10).

136 1211 181 1276 At
211 1210 276 1300 ipsi
314 1235 440 1300 quoquc
469 1211 591 1276 Aeoles
622 1209 782 1276 interdum
814 1213 944 1278 alteram
973 1211 1131 1301 liquidam
1171 1237 1174 1246 ’

65 1312 251 1389 omittebant,
269 1312 411 1376 ‘maxime
432 1311 466 1374 iu
488 1311 606 1398 quibus
627 1312 723 1376 etiam
744 1313 847 1377 Attici
867 1325 1044 1400 correptam
1066 1315 1131 1401 syl·

65 1413 157 1478 labam
181 1414 315 1478 babent.
360 1412 408 1478 lta
436 1423 562 1499 praeter
589 1415 692 1487 ιιιίνος
725 1421 757 1476 ct
785 1411 891 1491 κενὸς,
926 1413 965 1478 de
993 1437 1058 1504 quo
1091 1437 1131 1478 cx

66 1513 238 1578 Herodiano
265 1513 417 1600 colligere
446 1513 551 1591 lieet„
571 1515 663 1598 δι’ῥρα
692 1513 841 1578 dicebant
870 1527 901 1579 ct
923 1515 1015 1600 de'po,
1045 1515 1135 1602 quod'

65 1625 154 1679 metro
175 1626 295 1680 eertum
318 1624 366 1676 est
388 1612 423 1676 S.
448 1614 503 1690 15,
526 1614 727 1704 probabilius
747 1614 791 1678 A.
814 1615 874 1698 293
897 1613 1012 1681 deinde
1034 1639 1134 1706 quum

68 1714 148 1796 ydrum
169 1715 340 1780 Aeolicum
362 1725 516 1796 uocetur,
544 1713 697 1796 uoyyo'voae
718 1714 836 1800 legitur
864 1714 899 1778 S.
930 1715 972 1780 14
999 1727 1031 1780 et
1057 1717 1133 1799 γόνα

67 1815 162 1880 verior
187 1815 368 1880 emendatio
395 1814 521 1878 videtur·
547 1814 622 1878 Ale.
646 1815 698 1880 31.
742 1813 816 1878 Νοιι
838 1815 942 1880 minus
965 1839 1005 1880 ex
1025 1841 1133 1883 emen·

67 1915 184 1981 datione
212 1914 352 1980 Seidlcri
384 1915 528 1978 faciliore
554 1915 712 1998 περ’ράτων
744 1917 775 1992 (e
801 1913 952 1999 περάτων)
978 1929 1029 1981 est
1054 1920 1132 1984 Ale.

67 2016 121 2098 64,
151 2039 334 2104 quanquam
354 2016 493 2101 περάτων
513 2015 557 2078 A.
580 2017 621 2080 25
651 2025 751 2078 metro
782 2027 902 2080 certum
933 2028 998 2094 est,
1028 2041 1139 2106 neque

68 2118 162 2182 aliena
182 2129 276 2182 erunt
300 2118 364 2193 ἕνα,
397 2115 467 2179 edua
488 2117 551 2195 (nr.
574 2115 612 2193 6)
630 2116 663 2178 et'
681 2111 828 2200 vulgares
849 2117 971 2180 formae
991 2119 1041 2200 iv,
1066 2118 1132 2183 oda.

69 2219 206 2284 Aliorum
233 2228 378 2305 correpta
405 2228 527 2280 tantum
555 2217 657 2280 forma
687 2227 808 2280 servata
836 2229 901 2298 est,
931 2230 966 2281 ut
993 2219 1135 2284 Alcaeus

69 2320 105 2384 ir.
126 2322 164 2387 52
183 2322 315 2405 aepc'eae
335 2342 393 2406 pro
422 2320 556 2404 τερείνας
577 2317 659 2380 dixit
674 2319 735 2400 ⁴⁹),
768 2319 851 2405 quod
874 2318 1008 2384 Aeolica
1038 2321 1136 2408 vulgo

69 2423 198 2502 ιιρένιιας·
230 2443 343 2486 sonare
376 2418 520 2482 debebat.
557 2405 623 2484 vid.
655 2439 706 2481 nr.
730 2416 761 2481 5.
811 2418 904 2484 Adeo
935 2421 992 2484 ubi
1018 2421 1138 2508 reliqui

70 2521 175 2588 Graeci
197 2523 316 2610 duplex
332 2535 364 2588 lt
337 2520 558 2601 ’,habchant
590 2515 711 2582 κάλλιον
732 2518 816 2606 apud
837 2521 992 2584 Alcaeum
1007 2523 1048 2600 ⁵⁰)
1070 2524 1135 2608 le·

69 2621 133 2688 laba
170 2635 315 2716 correpta
347 2621 479 2686 sonabat
515 2619 638 2696 ιιάλιον,
678 2620 762 2684 uude
792 2621 920 2708 egregia
954 2622 1138 2706 conjectura

70 2721 217 2810 Bar-glrius
249 2723 416 2810 Sapphoni
446 2723 487 2784 l'r.
519 2721 560 2784 55
590 2719 728 2783 restitnit
758 2720 814 2784 adl
818 2745 887 2784 ισια
918 2743 977 2808 pro
1005 2721 1137 2803 pollucta

71 2825 258 2912 (quanquam
280 2825 428 2888 nolumus
450 2822 525 2884 inde
546 2818 704 2892 adlteruae
725 2821 768 2883 A.
791 2823 834 2886 94
855 2823 1002 2902 tentare).
1048 2821 1135 2902 Quo·

71 2945 135 2988 eum
153 2928 316 3006 cohaeret,
347 2920 463 3010 quod
454 2943 488 2983 ιιι
511 2919 605 2994 κάλος
625 2921 767 2985 vocalem
788 2921 1023 3009 corripiebant,
1056 2946 1138 3010 quac

71 3027 146 3113 apud
173 3028 351 3092 Homerum
379 3027 560 3088 constanter
589 3021 776 3110 producitur
804 3033 835 3086 et
856 3023 941 3113 apud
962 3021 1138 3088 Dorienses

75 3243 347 3260 *ffl-u--A-ffl

102 3403 144 3462 49)
178 3403 250 3455 Anu.
269 3399 323 3451 Ox.
342 3397 373 3465 Ι,
391 3395 456 3463 4133
473 3397 516 3452 23.
549 3397 678 3464 Ζητιῒται
702 3391 778 3466 nepti
803 3390 842 3464 aqi
864 3387 980 3464 Ἀλκαίῳ
1004 3391 1142 3462 θηλυκόν·

72 3491 171 3553 captent
188 3481 273 3539 dadas
288 3479 410 3552 deriput·
436 3481 492 3535 nait
510 3479 527 3550 η’
543 3487 637 3550 τέρενα
654 3481 741 3536 εἶπεν·
765 3488 809 3535 καὶ
826 3483 896 3535 ἔστιν
912 3477 1009 3546 εἰπεῖν,
1027 3475 1069 3535 ὅτι
1087 3475 1142 3535 oino'

72 3569 115 3624 soi
130 3577 209 3640 eloqu
232 3567 251 3638 η’
267 3567 356 3642 ravenn*
374 3565 411 3623 ait
428 3564 541 3622 ια’θιῖαν
558 3565 573 3620 d
589 3573 703 3637 τέρενας·
732 3562 785 3620 aiud
802 3563 897 3620 ταιῖτοα
915 3564 1034 3633 θηλυκὸν
1048 3571 1142 3638 τιρένη

72 3662 111 3708 eat
126 3655 270 3712 Alolaaoie·
295 3659 404 3726 repleat
421 3649 506 3706 dedet
524 3649 640 3721 ὀπώρας.
685 3653 774 3720 Origo
797 3654 900 3706 formae
922 3670 976 3706 uon
1002 3664 1076 3708 reete
1093 3669 1143 3706 ex·

73 3741 192 3807 plicatur.

103 3891 145 3952 50)
179 3891 288 3962 Trypb.
314 3891 384 3943 παθ.
411 3885 463 3950 lai.
491 3886 514 3952 b.
532 3887 575 3939 26.
603 3885 675 3940 inter
702 3887 830 3956 exempla
855 3886 1088 3968 parelleipseos
1080 3903 1098 3940 ι.
1117 3902 1142 3940 e.

73 3967 142 4028 ὅταν
140 3974 201 4029 τῶν
223 3971 329 4029 danlae
332 3977 469 4042 ιιζαμέναιν
486 3969 636 4040 συμφώνων
653 3967 682 4024 ’ἐν
697 3993 771 4040 παρα
755 3973 907 4040 ιιαλιίπητι,
931 3976 1012 4026 allert
1037 3989 1074 4025 ex
1091 3972 1143 4025 Al·

75 4075 133 4111 caeo
149 4059 209 4114 ιιιὶλι
210 4079 241 4115 ον
264 4078 351 4130 prox
336 4057 455 4125 κάλλιον,
485 4057 550 4112 item
567 4057 628 4110 cod.
648 4059 761 4112 Amstel.
788 4075 832 4128 ap.
851 4058 1056 4166 Wassenberqh
1073 4057 1108 4112 ll
1128 4056 1143 4111 t

74 4153 99 4196 et
114 4145 149 4198 11.
168 4147 332 4216 adpt,129.
