2748 4832
217 282 267 360 30
415 283 472 355 De
497 279 649 356 dialecto
674 281 830 360 Aeolum
850 278 1085 356 Asianorum.

711 607 742 701 ς.
771 611 804 678 ε.

503 699 518 744 λ
600 753 680 806 ‘lte
703 752 902 816 dtgnmmn.

291 889 338 984 -1)
362 891 535 980 Dipamma
556 889 641 980 apud
655 888 778 958 Acolcs
797 888 834 952 in
856 909 918 952 usu
938 884 1063 969 luisse,
1084 885 1193 974 ipsum
1212 887 1288 952 Aeo·

216 995 275 1062 lici
305 1015 505 1080 cognomen,
545 989 633 1080 quod
660 989 746 1078 apud
767 987 1000 1055 Grammaticos
1028 987 1113 1075 gerit
1129 991 1182 1072 ¹),
1221 989 1289 1054 satis

216 1094 343 1183 arguit,
365 1103 398 1159 et
419 1093 538 1158 diserta
558 1091 678 1156 adsunt
696 1089 882 1156 testimonia
897 1085 945 1176 ²),
976 1087 1084 1170 unde,
1114 1111 1215 1176 quum
1234 1112 1291 1153 una

195 1195 333 1280 ¹Boeoti
362 1193 590 1274 nominentur,
629 1191 725 1255 ctiam
754 1191 808 1254 liic
839 1189 1065 1276 [grammaticos
1095 1188 1136 1253 de
1163 1188 1292 1254 Asianis

216 1297 380 1362 Aeolibus
415 1294 576 1383 cogitasse
608 1300 750 1378 apparet.
784 1328 826 1340 -
875 1287 1067 1354 Priscianus
1084 1298 1134 1354 'et
1165 1289 1293 1356 Melam·

215 1422 278 1488 pus
292 1393 327 1485 ³)
355 1393 486 1460 tradunt
503 1393 626 1458 Acoles
655 1391 776 1479 ubique
809 1389 969 1475 digamma
989 1389 1197 1476 aspirationis
1227 1392 1295 1458 loco

216 1501 389 1588 posuisse,
422 1518 506 1583 quos
526 1495 731 1560 vehementer
758 1513 882 1569 carane,
911 1487 1079 1553 monuisse
1101 1489 1181 1556 satis
1204 1492 1295 1558 habe·

216 1623 302 1664 mus.
346 1598 507 1662 Accurata
534 1591 760 1681 investigatio,
794 1588 933 1678 reliquis
953 1587 1100 1656 dialectis
1129 1601 1162 1656 et
1183 1615 1296 1683 cogna.

217 1699 262 1766 tis
283 1698 408 1786 linguis
430 1694 638 1784 comparatis,
659 1692 770 1782 potius
792 1692 951 1778 digamma
972 1713 1013 1754 ex
1033 1690 1217 1780 antiquiore
1237 1695 1295 1759 lin·

142 1819 148 1829 ·
216 1824 281 1888 gua
312 1808 497 1886 acceptum,
535 1818 702 1883 nunquam
738 1813 779 1858 ex
813 1789 946 1858 arbitrio
984 1791 1124 1880 quodam
1155 1794 1296 1883 additum

217 1925 311 1985 esse,
333 1901 516 1966 luculenter
536 1896 640 1962 docet.

224 2065 503 2088 ..ῥῷ-

250 2180 278 2241 1)
314 2170 445 2226 Quinctil.
462 2170 492 2238 1,
509 2172 543 2240 4,
561 2174 576 2226 7
595 2180 623 2225 et
641 2175 675 2242 ⁷,
691 2127 846 2240 273l³rise
864 2171 888 2226 1.
905 2189 934 2244 p.
954 2173 995 2227 12.
1015 2173 1056 2226 16.
1075 2171 1123 2240 213
1150 2171 1245 2244 Apoll.
1263 2170 1296 2224 de

214 2277 296 2332 pron.
314 2261 357 2314 98.
1361 2244 1362 2308 l

249 2385 278 2445 2)
313 2379 423 2450 Tryph.
442 2380 514 2432 ποθ.
533 2377 587 2444 lsi.
613 2380 636 2446 ἕ.
657 2381 699 2433 ll.
731 2382 908 2451 προστίθεται
927 2377 955 2435 δὲ
973 2385 1018 2434 atui
1035 2374 1208 2450 rdda'yoppa
1223 2375 1296 2450 stapsi
1338 2400 1363 2472 p

216 2489 247 2525 σε
260 2465 340 2524 Ἴωσι
356 2470 402 2519 stol
420 2461 551 2533 Δωριεῦσι
567 2460 775 2530 καὶΛᾰκωσιν,
793 2465 850 2520 οἷον
866 2461 935 2532 ἅναξ
951 2463 1049 2532 Ριίναξ,
1066 2461 1161 2521 'Elisa
1179 2465 1296 2522 Fauna.
1362 2475 1363 2478 ’

214 2551 390 2624 apostotilam
407 2557 451 2604 καὶ
474 2551 545 2618 (leg.
571 2547 616 2614 δὲ)
641 2546 696 2602 aiud
721 2555 879 2619 φωνηέντων
896 2548 1068 2621 ἐρχομένοις·
1092 2546 1166 2628 ἅπαξ
1184 2551 1213 2607 δὲ
1227 2547 1297 2620 ’παρ’

213 2638 331 2708 Ἀλκαίῳ
348 2633 380 2692 ad
400 2634 475 2706 ῥῆξις
490 2642 534 2688 stol
553 2631 649 2704 Ρρἤξις
666 2641 779 2704 εἴρηται.
813 2635 918 2692 Scholl.
936 2639 1021 2694 Dion.
1033 2641 1092 2704 777,
1111 2641 1155 2694 26.
1172 2637 1205 2693 ad
1223 2636 1295 2706 stapsi

214 2730 346 2784 naturate
369 2731 415 2778 sati
436 2718 562 2778 Αἰολεῦσι
583 2718 719 2790 diruptam
746 2739 774 2792 p.
794 2727 860 2791 778,
878 2728 905 2780 9.
922 2721 1013 2777 πάντα
1032 2719 1068 2777 sai
1092 2729 1211 2788 στοιχεῖα
1229 2719 1295 2776 sarai

214 2811 306 2868 nisos·
322 2810 393 2864 ἔστιν
409 2804 580 2877 adponerent
597 2805 748 2862 totunm*
764 2806 797 2863 td
814 2807 843 2864 δὲ
860 2807 983 2881 δίγομμσ
1000 2803 1046 2875 oi,
1064 2805 1132 2864 atta
1148 2807 1225 2879 ποσσὶ
1243 2806 1295 2879 po'-

214 2917 270 2954 νοις
285 2900 342 2952 σοῖς
359 2899 491 2950 Βοιωτοῖς
507 2902 552 2948 καὶ
566 2899 623 2948 τοῖς
635 2892 752 2950 Λάκωσι
767 2901 813 2950 καὶ
828 2899 885 2950 τοῖς
894 2891 1048 2961 Αἰολεῦσιν,
1063 2894 1130 2948 itam
1149 2898 1223 2950 Anu.
1242 2897 1294 2950 Ox.

215 2987 273 3053 IV,
291 2985 358 3048 323,
375 2984 399 3036 3.
435 2980 575 3036 Aliaria.
594 2980 659 3034 infr.
763 2989 767 2997 “

249 3105 277 3170 3)
312 3099 403 3154 Prisc.
421 3097 445 3150 1.
464 3114 492 3167 p.
509 3101 552 3152 22.
589 3099 752 3154 »Sciendum
768 3109 871 3167 tamen,
895 3099 970 3167 quod
990 3100 1043 3154 hoc
1060 3099 1150 3170 ipsura
1174 3101 1294 3172 <digam-

214 3193 274 3254 ma)
298 3185 401 3242 Aeoles
425 3183 538 3248 quidem
565 3185 668 3252 ubique
689 3185 752 3238 loco
776 3185 952 3256 aspirationis
976 3186 1114 3257 ponebant
1130 3189 1293 3256 effugientes

214 3274 331 3344 spiritus
350 3270 550 3340 asperitatem«
569 3295 602 3309 -
637 3269 679 3323 Id.
697 3271 780 3325 XIII.
799 3288 825 3342 p.
843 3273 900 3326 574.
931 3283 975 3326 set
992 3273 1020 3326 in
1045 3273 1108 3326 aliis
1126 3273 1292 3327 dictionibus

214 3357 379 3427 quibusdam
397 3354 487 3408 solent
504 3352 597 3406 Latini
612 3357 713 3410 Aeoles
731 3355 839 3423 sequuti
857 3358 901 3411 vel
919 3356 948 3411 in
966 3357 1102 3426 digamma
1118 3359 1146 3417 V
1164 3360 1209 3413 vel
1226 3361 1255 3412 in
1272 3357 1292 3414 S

215 3454 376 3499 convertere
393 3439 604 3510 aspirationem,
625 3435 707 3510 ἥμισυ
725 3443 824 3510 semis,
845 3437 877 3506 ἓξ
896 3459 961 3510 sex,
985 3443 1055 3497 ἕσσα
1072 3453 1190 3512 septem«
1211 3445 1292 3512 (male

216 3528 350 3583 Krentios
367 3521 469 3594 ffipsov
487 3536 555 3594 etc.;
575 3527 678 3581 Aeoles
695 3528 731 3580 ob
755 3528 843 3581 solum
861 3529 998 3598 digamma
1019 3525 1231 3597 memorantur),
1257 3530 1292 3582 cf.

214 3618 238 3674 I.
258 3633 285 3686 p.
294 3617 335 3670 23.
343 3615 386 3668 24.
405 3611 463 3664 vid.
479 3615 566 3668 not.8.
578 3643 610 3654 -
644 3614 798 3683 Melampus
815 3613 909 3668 Bekk.
928 3615 1039 3681 777,15.
1056 3613 1088 3666 cd
1106 3611 1294 3685 aipaoso'psrov

214 3698 290 3772 nopai
308 3702 366 3754 sois
382 3693 507 3752 Αἰολεῦσι
524 3696 646 3769 δλγαμμιι
662 3695 711 3753 att
729 3697 785 3753 ἐστι
808 3695 922 3771 γράμμα
939 3729 971 3743 -
989 3699 1043 3764 ἔχει
1060 3697 1089 3753 δι’
1105 3697 1189 3756 τόπον
1205 3699 1291 3756 adada·

215 3794 243 3844 F
256 3817 286 3829 -
307 3781 323 3840 ὃ
345 3787 536 3854 προστιθέασιν
550 3783 588 3839 οἰ
609 3782 716 3839 Αἰολεῖς
738 3782 833 3859 εἰισῖσιῃ
857 3782 926 3849 λέξει
949 3781 1014 3855 παρ’
1033 3781 1099 3854 ἡμῖν
1120 3782 1293 3860 δασυνσμενῃ,

213 3869 290 3930 οὗτοὶ
307 3865 447 3941 ψιλσόλτες
463 3869 552 3925 ιιιῖσσιν
567 3869 644 3934 λέξιν.
667 3868 801 3939 σύμβολον
817 3863 867 3926 οὖν
882 3867 952 3939 παρ’
975 3867 1066 3926 arianis
1083 3869 1154 3926 ἐστὶν
1165 3861 1293 3942 Ιε”ιεφωνῆ-

214 3976 268 4013 σειι
284 3959 344 4021 ἕχον
361 3951 409 4023 ιῆς
426 3959 458 4008 ἦ
475 3963 519 4010 ιιι
538 3959 573 4012 δεῖ
597 3953 749 4026 διφθόγγσν
766 3967 818 4012 etc.
837 3989 869 4001 -
904 3956 1027 4011 Maerob.
1045 3956 1085 4009 11.
1113 3974 1140 4028 p.
1158 3957 1225 4024 296,
1247 3957 1292 4010 ed.

213 4043 279 4112 Bip.
299 4043 328 4094 as
345 4041 501 4110 digammon
524 4053 565 4096 est
581 4039 699 4098 Αἰολέων
704 4082 714 4109 ,
743 4041 819 4110 quod
843 4041 888 4097 illi
905 4043 994 4098 solent
1011 4041 1098 4112 magis
1124 4053 1220 4098 contra
1237 4043 1292 4098 vim

212 4127 407 4200 adspirationis
425 4127 584 4182 adhiberer
670 4147 674 4154 ·
697 4169 700 4176 ,
