2710 4820
58 298 92 390 ᾗ.
107 297 166 374 41.
202 301 259 373 De
270 299 459 374 Boeoticae
468 300 551 413 dial,
568 299 607 373 in
624 303 735 375 vocal.
756 301 848 398 prof.
864 301 1014 374 inconst.
1031 289 1032 296 ἵ
1071 297 1141 374 197

58 502 180 568 vocalis
211 501 299 592 apud
328 503 470 569 Boeotos
498 527 613 568 sonum
646 504 758 571 eodem
786 501 881 568 modo
910 502 1140 589 significarent.

57 603 199 669 Boeotos
229 615 336 670 autem
374 606 465 692 ipsos
498 629 557 670 cur
591 601 758 694 proprium
787 629 901 668 sonum
929 605 1052 668 ratione
1076 627 1142 666 uon

56 703 152 768 valde
184 705 349 791 probanda
380 705 583 794 expressisse
614 705 788 793 putamus?
841 706 929 773 Num
958 707 1041 769 forte
1070 705 1141 768 lite-

56 829 178 885 rarum,
196 829 291 870 usum
322 831 361 872 co
393 807 522 871 demum
551 817 702 898 tempore
730 805 915 894 accepisse,
960 829 1025 894 quo
1058 804 1144 893 apud

57 915 115 970 eos
138 905 296 990 Graecos,
334 908 421 972 unde
450 907 650 996 acciperent,
687 909 841 996 antiquus
863 907 1022 998 vocalior]
1045 901 1144 970 sonus

51 1007 123 1092 jam
143 1018 281 1072 mutatus
303 1020 407 1085 esset,
452 1009 497 1072 ita
526 1019 561 1072 ut
582 1009 704 1072 nullam
735 1007 916 1098 simplicem
945 1008 1071 1072 literam
1092 1031 1144 1070 re-

55 1105 219 1194 perirent,
259 1133 322 1198 qua
345 1133 459 1174 sonum
481 1109 564 1196 ipsis
591 1109 756 1196 proprium
785 1109 1027 1194 significarent?
1077 1107 1145 1194 N⁰7

54 1231 110 1272 mo
140 1209 237 1274 facile
269 1211 395 1287 credet,
439 1211 628 1298 praesertim
660 1235 759 1299 quum
788 1209 960 1293 Romani,
991 1233 1073 1298 quos
1103 1209 1142 1272 li-

53 1320 143 1373 «tcras
170 1321 244 1398 post
271 1310 413 1375 Boeotos
440 1310 605 1396 accepisse
633 1312 849 1376 certissimum
877 1311 1026 1392 videtur,
1066 1333 1148 1375 eun«

55 1410 130 1474 dem
159 1413 281 1476 vocalis
312 1435 426 1476 sottum
458 1410 600 1498 simplici
627 1413 721 1476 litera
753 1413 895 1478 seribere
924 1436 992 1476 non
1010 1413 1142 1478 'dubita-

55 1511 174 1576 verint.
230 1512 334 1598 Igitur
354 1513 468 1577 Boeoti
490 1513 569 1576 olim
598 1514 797 1601 scripserunt
817 1522 853 1592 ῦ,
888 1525 1019 1600 postea,
1062 1539 1142 1579 sono

55 1635 124 1676 non
149 1623 290 1695 mutato,
325 1624 489 1677 mutarunt
518 1613 726 1700 scripturam,
766 1638 866 1702 quum
898 1615 996 1679 ceteri
1025 1615 1143 1681 Graeci

56 1714 153 1800 signo
176 1703 300 1778 servato
322 1715 418 1778 aliam
446 1713 743 1802 pronuntiationem
762 1715 967 1782 tribuissent.
1028 1717 1147 1783 Boeoti

53 1815 158 1903 igitur
179 1815 356 1903 scripturae
378 1816 548 1880 mutandae
569 1815 692 1880 unllam
713 1816 876 1880 habebant
897 1837 1043 1896 causam,
1078 1817 1143 1881 nisi

54 1927 94 1980 ut
123 1917 158 1980 in
186 1917 349 1986 literarum
378 1939 459 1980 sono
481 1916 546 1980 sibi
575 1939 648 1980 etun
677 1917 813 2005 reliquis
835 1917 970 1982 Graecis
992 1918 1141 2000 couveni-

51 2029 125 2100 ret,
147 2019 351 2106 quantumvis
374 2018 531 2084 dialectus
552 2017 759 2104 discreparet.
815 2016 930 2105 Neque
951 2041 1027 2082 vero
1048 2018 1142 2105 prius

53 2121 205 2185 Boeotos'
229 2123 394 2210 antiquam
418 2120 609 2208 scripturam
628 2117 670 2182 ad
700 2119 890 2206 peregrinas
912 2117 1068 2183 dialectos
1090 2143 1141 2189 ac·
1200 2163 1204 2172 ·
1246 2193 1250 2210 N

52 2221 275 2287 commodasse
296 2221 464 2310 probabile
485 2231 555 2303 est,
589 2243 685 2308 quam
707 2219 889 2284 intercursu
911 2241 984 2282 cum
1004 2219 1141 2310 reliquis

53 2323 211 2389 Graeciae
239 2323 371 2412 populis
402 2334 494 2387 aneto
522 2321 644 2386 Dorica
673 2333 705 2386 et
732 2322 870 2385 maxime
890 2321 1000 2385 Attica
1027 2323 1142 2411 lingua

52 2425 160 2514 magis
194 2425 362 2513 magisque
399 2424 639 2506 innotuissent,
678 2421 798 2512 quibus
832 2422 971 2512 primum
1010 2425 1141 2514 antiqua

52 2529 252 2595 Boeotorum
282 2525 459 2614 scriptura,
491 2551 566 2590 mox
595 2527 665 2613 ipsa
687 2524 845 2588 dialectus
873 2523 1031 2610 cessitt).
1098 2529 1142 2591 Et

51 2627 187 2717 egregie
218 2628 424 2701 confirmatur
455 2627 578 2714 opinio¹
602 2637 712 2690 nostra
741 2648 779 2690 eo
808 2623 896 2711 quod
924 2624 959 2689 in
988 2625 1140 2693 Boeotiae

49 2729 260 2822 potissimum
276 2728 411 2810 finibus,
435 2727 633 2793 Orebomoni
648 2737 680 2790 et
690 2726 860 2811 Tanagrae
878 2748 960 2806 nova
977 2729 1142 2794 scribendi

48 2831 137 2898 ratio
157 2829 335 2896 invaluisse
353 2831 497 2916 videtur,
520 2827 652 2916 antiqua
669 2826 839 2892 tenebatur
858 2826 893 2913 in
916 2827 1021 2896 media
1041 2841 1137 2914 terra,

47 2932 179 2999 Thebis
201 2941 234 2996 et
254 2931 435 2997 Lebadeae.
509 2968 512 2972 ·

138 3032 212 3098 Jam
232 3058 315 3098 utero
345 3057 412 3098 non
440 3057 517 3096 casu
548 3030 658 3118 aliquo
685 3029 806 3094 factum
838 3044 910 3114 est,
954 3043 990 3095 ut
1018 3031 1052 3094 in
1084 3031 1140 3098 iis-

50 3138 130 3201 dem
149 3135 255 3200 titulis
277 3135 422 3223 nequet]
449 3133 484 3196 in
507 3133 563 3215 oti,
594 3155 701 3219 neque
723 3133 753 3195 ὄῖ
773 3131 826 3201 uel
847 3137 871 3213 ᾧ
891 3135 927 3196 in
948 3134 966 3194 ὗ
987 3145 1137 3198 mutetur.
1193 3182 1196 3186 .

51 3239 169 3320 Quum
206 3236 292 3301 enim
322 3233 499 3300 cavendum
531 3246 635 3310 essct,
678 3256 719 3296 ne
751 3234 862 3298 eadem
894 3233 987 3298 litera
1020 3233 1139 3322 duplex
1205 3232 1207 3237 ’

49 3359 182 3402 ruimus.
198 3336 392 3418 sustineret,
420 3359 480 3424 pro
504 3335 534 3399 tii
556 3345 588 3400 et
608 3336 631 3414 ᾦ
652 3357 719 3399 non
737 3343 863 3422 poterat
887 3346 905 3396 ῦ
932 3336 1035 3422 (quod
1055 3337 1140 3402 baud

49 3437 156 3504 dubie
186 3461 267 3505 sono
294 3437 382 3530 apud
407 3435 553 3529 reliquos
581 3435 723 3503 Graecos
753 3434 873 3501 usitato
898 3436 1138 3527 pronuntiatum

51 3612 338 3629 -υ-υ-*Μ

85 3744 117 3806 2)
153 3738 216 3794 Non
238 3740 333 3808 aliter,
361 3740 409 3807 qui
432 3737 516 3794 hodie
534 3725 864 3811 Germaniae'inlerioris
880 3739 1000 3794 dialecto
1017 3749 1137 3818 utuutpr,
1163 3752 1166 3759 ’

45 3828 87 3882 ad
108 3825 245 3880 vocalisa
267 3825 434 3894 peculiarem
458 3840 554 3878 sonum
579 3826 638 3891 (tte
661 3827 749 3880 broad
769 3827 889 3880 German
911 3831 1017 3893 round)
1040 3829 1137 3898 expri-

46 3914 183 3971 mendum
207 3911 330 3966 scribunt
353 3922 498 3977 morter,
526 3913 642 3978 majores
660 3910 746 3966 nostri
763 3912 933 3980 scripserunt
956 3923 1081 3978 water,
1108 3927 1138 3969 ut

45 4001 209 4053 etiamnunc
233 3998 326 4064 Angli.
378 3997 450 4064 Sed,
479 4007 622 4066 postquam
646 3997 746 4050 invasit
769 4007 797 4050 et
820 3998 962 4066 superavit
985 3998 1137 4066 superioris

45 4084 220 4142 Germaniae
238 4083 387 4150 dialectus,
410 4083 444 4139 ad
462 4083 542 4152 hujus
564 4082 813 4154 pronuntiationem
830 4084 967 4154 scriptura
984 4099 1136 4142 accommo-
1245 4095 1249 4098 ·

46 4174 143 4228 datur.
