2748 4832
265 291 317 370 dd
465 297 522 378 Do
545 293 698 376 dialecto
725 294 882 392 Aeolum
907 291 1139 386 Asianorum.
1197 349 1200 354 ·

265 501 398 558 vocatur
424 493 460 558 in
482 489 605 564 Schell.
629 495 669 560 ll.
694 517 732 576 α,
755 492 837 579 3533
875 495 915 560 de
945 495 1060 562 ἇπέλλω
1086 519 1146 584 pro
1174 498 1285 566 ainaldo
1314 513 1336 566 et

264 591 414 676 βόλλομαι
434 618 492 684 pro
513 594 664 676 βούλομαι
684 595 751 660 vid.
777 620 831 682 nr,
851 596 883 661 8.

348 693 424 763 Non
453 695 547 765 aliter
586 695 744 760 feminina
776 696 975 762 substantiva
1010 708 1043 764 et
1074 699 1235 787 adjectiva
1264 702 1296 766 in
1323 705 1360 764 tl

264 795 365 882 vulgo
386 807 459 862 ante
480 797 772 864 terminationeml
794 798 979 885 duplicant,
1009 811 1083 866 ante
1103 831 1121 867 a
1143 814 1176 868 et
1194 803 1216 892 ῥ
1237 805 1336 872 breves
1359 755 1360 848 l

264 897 394 968 vocales
432 897 631 982 producunt,
669 909 705 963 ut
741 899 848 982 della,
885 901 1028 985 μέλαινα,
1067 903 1206 990 τέρεινα,
1244 909 1335 992 μοῖρα.

264 995 366 1085 Apud
386 997 509 1065 Aeolus
538 999 632 1066 etiam
660 1001 679 1062 ὦ
702 1000 773 1086 etp
801 1000 978 1086 duplicari,
1010 1015 1266 1072 consentaneum
1286 1017 1335 1089 est,

265 1107 301 1162 ut
333 1100 515 1186 exemplum
542 1101 678 1166 traditur
698 1102 797 1182 πέρ’ῥα
826 1125 885 1190 pro
913 1100 1153 1192 ustpa19).-
1196 1106 1336 1196 Denique

265 1199 376 1290 eadem
404 1203 554 1290 analogia
581 1213 715 1292 apparet
742 1202 777 1266 in
799 1205 1023 1291 comparativis
1044 1211 1175 1292 μᾶλλον,
1211 1208 1335 1292 ἀμείνων,

264 1301 396 1388 χείρων,
425 1303 512 1368 unde
541 1327 607 1368 non
638 1303 777 1386 mirum,
809 1305 870 1370 lroe
901 1306 988 1394 apud
1007 1307 1131 1376 Aeoles
1159 1311 1278 1394 χέρ’ῥων
1297 1331 1360 1402 sol

264 1408 490 1478 1161620).-

349 1501 586 1588 Conjunximus
623 1505 720 1580 haec,
764 1528 828 1592 quo
866 1505 982 1572 melius
1010 1531 1084 1576 vera
1122 1509 1335 1600 duplicationis

265 1604 347 1670 ratio
385 1615 563 1694 appareret.
627 1603 842 1693 Apertissima
876 1607 962 1671 enim
999 1609 1147 1696 analogia
1178 1615 1336 1679 cohaerent

264 1705 434 1773 verborum
455 1729 558 1792 penus
586 1707 768 1794 quoddam,
799 1707 955 1776 feminina
986 1707 1021 1774 iu
1045 1713 1063 1772 ἄ
1091 1721 1123 1775 ct
1144 1715 1336 1803 comparativi

264 1806 300 1876 in
319 1807 381 1886 iii,
404 1807 524 1896 quippe
546 1832 626 1896 quac
648 1809 754 1874 omnia
767 1809 787 1877 l
801 1819 874 1876 ante
894 1810 1150 1882 terminationem
1172 1814 1335 1903 duplicent,

264 1907 380 1975 breves
401 1909 527 1974 vocales
550 1920 622 1974 ante
643 1935 661 1998 ρ
681 1921 713 1974 ct
731 1911 753 1973 ὦ
772 1911 950 2001 producant
977 1911 1024 1994 (et
1046 1915 1065 1976 ἆ
1085 1914 1218 2004 quidem
1248 1917 1281 1982 in
1301 1919 1335 2000 d,

265 2009 280 2076 ἐ
308 2009 342 2073 in
370 2007 438 2096 ci),
473 2006 611 2098 denique
640 2023 743 2076 mutas
765 2023 837 2080 ante
865 2012 1120 2080 terminationem
1150 2016 1186 2080 in
1213 2018 1248 2088 a]
1267 2020 1337 2098 vel}

264 2121 387 2178 mutare
410 2112 550 2188 soleant,
574 2122 609 2174 ut
631 2115 775 2197 φρίσσω,
798 2116 944 2197 Kr'liooa,
967 2113 1105 2196 ytrioooeu
1128 2115 1337 2186 derivantnra

266 2210 420 2297 stirpibus
450 2236 546 2296 φρικ,
579 2207 691 2296 Kalaa,
719 2220 802 2294 ylen.
867 2212 940 2278 Jam
962 2214 1100 2280 veroin
1127 2224 1337 2310 comparativis

264 2311 351 2376 ltaud
374 2309 470 2377 dubie
499 2311 629 2400 antiqua
657 2314 841 2379 terminatio
863 2325 912 2379 est
933 2315 995 2394 ιοΤν,
1020 2328 1057 2381 ut
1077 2319 1217 2401 γλύσσων
1246 2333 1337 2410 cylo

266 2413 343 2478 κίων
373 2411 534 2496 nascitur,
567 2413 601 2476 in
629 2415 797 2479 femininis
826 2441 920 2504 saepe
949 2419 1075 2506 integra
1101 2423 1287 2493 terminatio
1310 2430 1339 2490 io

264 2521 371 2604 patet,
393 2521 429 2575 ut
449 2512 615 2600 ποιήτρια,
639 2518 777 2598 γλυκεῖα,
810 2518 950 2607 denique
973 2520 1068 2586 etiam
1089 2529 1274 2610 praesentia
1293 2529 1338 2593 illa

265 2613 305 2680 ab
327 2613 455 2702 origine
477 2615 516 2682 ἦ
545 2615 721 2696 habuisse,
751 2630 960 2708 cognatarum
979 2621 1166 2712 linguarum
1187 2641 1338 2716 praeterea

265 2715 461 2804 comparatio
492 2717 603 2807 docet,
642 2717 678 2782 in
707 2719 826 2808 quibus
853 2721 917 2788 late
944 2733 1032 2811 patet
1052 2726 1225 2796 rcrborum
1253 2733 1338 2821 peri

264 2817 427 2902 formatio,
451 2827 487 2882 ut
504 2819 642 2908 ἅλλομᾳι,
666 2822 784 2887 salio.
830 2823 902 2888 Hoc
922 2823 1022 2912 igitur
1042 2828 1264 2896 ieonsonnns
1278 2858 1337 2899 cunr

265 2920 474 2983 antecedente
503 2929 590 2987 muta
618 2921 654 2984 in
675 2921 708 2991 σῖ
727 2925 778 2989 vel
794 2924 822 3004 ’ξ
838 2937 994 2990 mutatum
1017 2938 1085 3013 est,
1114 2954 1186 2996 cum
1203 2933 1229 3003 ’ἱ
1247 2935 1337 3019 ind,

194 3077 196 3081 ,
266 3027 377 3082 contra
406 3021 600 3086 antecedens
629 3025 647 3086 ὦ
674 3027 728 3090 vel
757 3052 775 3111 ρ
802 3029 902 3116 vulgo
924 3028 1019 3116 quasi
1049 3035 1257 3102 transsiliens
1279 3063 1345 3103 eun,

265 3118 369 3182 vocali
391 3118 426 3182 in
449 3121 684 3212 diphthongum
702 3125 875 3216 jungitur,
899 3141 935 3193 nt
955 3133 1220 3224 eston,'ra'perna,
1243 3143 1339 3226 χείρων

216 3214 221 3220 ’
267 3243 410 3304 eranam,
432 3245 569 3310 τερενια,
592 3248 713 3309 papirio.
757 3227 901 3316 Apparet
921 3231 1044 3320 igitur„
1067 3235 1102 3299 in
1124 3238 1177 3304 his
1200 3242 1339 3306 omnibus

266 3318 417 3416 Aeolum
430 3321 591 3411 duplicem
617 3325 775 3414 liquidam
798 3353 816 3394 c
838 3329 980 3420 simplici
996 3346 1034 3402 et
1055 3350 1213 3427 seqarente
1231 3343 1266 3427 ἶ,
1294 3351 1339 3407 aut

266 3421 408 3512 potiusj
432 3433 538 3494 natam
559 3447 631 3492 esse
653 3429 712 3508 2Ι).
736 3469 778 3486 --
819 3430 935 3524 Neque
955 3443 1063 3505 tamen
1087 3439 1124 3520 in
1149 3425 1205 3509 his
1226 3443 1337 3511 Aeoles

257 3805 261 3823 .
301 3711 346 3786 19)
381 3719 481 3776 Ghoer.
499 3725 564 3792 252,
583 3729 613 3795 ⁷3
632 3729 702 3782 mals
719 3732 789 3798 πέρα
804 3731 936 3789 scribitur
953 3732 1015 3806 178,
1033 3742 1057 3794 5.

301 3838 346 3904 26)
381 3839 481 3896 cnoer.
499 3844 563 3910 277,
581 3846 630 3912 26,
648 3847 674 3900 J.
695 3849 744 3902 Gr.
763 3851 827 3920 246,
846 3855 879 3921 b,
905 3853 1039 3924 areae.
1058 3859 1125 3926 622,
1149 3861 1264 3916 Mearm.
1282 3864 1338 3926 6644

268 3921 295 3976 in
314 3924 358 3978 Et.
378 3925 412 3978 G.
431 3927 499 3992 664,
518 3933 534 3982 7
552 3942 681 4002 corrupte
698 3934 802 4005 legitur
818 3935 926 3996 Αἰολεῖς
941 3939 1033 4010 χήρων
1049 3952 1094 3998 καὶ
1110 3947 1219 4016 χέῥρων.

300 4048 346 4114 21)
380 4047 545 4104 renaudum
564 4044 634 4106 hanc
651 4056 852 4127 praesentium,
876 4061 1085 4133 femininorum,
1103 4047 1339 4140 comparativorum

268 4148 403 4217 originem
421 4168 481 4207 esse
497 4151 721 4212 intellexeramus
737 4170 819 4228 atque
837 4164 928 4250 (Cory.
947 4170 1000 4236 aus
1012 4151 1091 4238 ἦρ.
1103 4172 1149 4238 34)
1167 4171 1338 4238 innueramus,
