2748 4832
414 293 446 384 §-
473 293 507 368 a
559 295 615 370 m
641 293 808 374 fontibus.
1129 246 1156 378 a

76 495 169 560 etiam
191 496 286 584 plura
307 520 400 585 quam
414 497 551 566 Alcman
572 523 590 562 a
612 499 741 564 Lesbiis
763 503 947 590 assumpsit,
965 529 1030 570 non
1051 506 1162 574 solum.

73 595 199 679 ἔχοισα,
222 599 354 686 Μοῖσα,
378 597 548 662 sedetiam
571 599 748 684 ὀρθώσαις,
771 603 891 670 πνιόισι
911 629 970 692 pro
992 605 1153 691 deuoluere,

72 698 200 762 πνέουσι
220 709 252 764 et
271 699 389 764 similia
401 724 475 766 vere
490 701 657 784 Lesbiaca,
680 702 745 768 vid.
763 699 857 790 §.llb
874 739 915 754 -·-
958 706 1155 774 Theocri-

72 807 138 860 tus
167 822 317 886 quoque,
347 811 383 864 ut
401 801 593 888 Argumenti
612 803 652 866 ad
673 803 775 868 ld..l.
797 807 904 872 verbis
927 817 1069 893 tutamur,
1101 812 1155 876 οὐκ

73 896 315 980 οἷπολιμπάνεται
335 905 387 964 καλ
406 905 553 976 Αἰολίδος
575 905 729 968 διαλέκτου
734 933 746 984 ;
769 917 873 989 certe,
896 907 1020 972 etiamsi
1040 911 1090 974 ld.
1112 913 1154 980 28

73 1008 106 1060 ct
125 999 168 1066 29
198 1001 342 1078 omittas,
379 1025 473 1091 saepe
502 1003 619 1066 similia
647 1015 741 1092 atque
762 1007 900 1072 Alcman
921 1009 1083 1094 adhibuit,
1117 1017 1154 1089 od

72 1121 131 1184 pro
154 1104 191 1176 ζ,
219 1104 333 1167 Μοῖσα
354 1113 414 1167 etc.
438 1141 479 1152 -
520 1105 711 1169 Accuratius
743 1107 834 1170 etde
860 1107 912 1170 his
932 1111 1067 1195 politicis
1089 1114 1154 1179 dia-

72 1199 166 1264 lectis
199 1203 262 1268 alio
293 1214 442 1292 tempore.
455 1205 613 1292 agendum
640 1216 709 1287 est,
748 1219 780 1272 et
801 1208 841 1270 de
860 1208 1031 1274 Homerica
1060 1224 1152 1302 atque

72 1300 261 1390 Hesiodea,
300 1306 384 1395 apud
417 1329 498 1394 quos
533 1311 644 1396 politas
684 1308 768 1372 haud
801 1333 902 1398 pauca
939 1314 1152 1396 grammaticis

71 1403 217 1470 Aeolica
229 1417 313 1472 sunt.

154 1506 352 1573 Erinnam
373 1534 499 1597 quoquc
521 1510 671 1575 Lesbiam
691 1509 869 1591 Ἠλακᾶτηι
882 1513 1001 1579 Dorica
1023 1528 1055 1582 et
1067 1519 1152 1585 Aco-

70 1609 132 1672 lica
164 1609 302 1674 dialecto
333 1611 502 1700 scripsisse
533 1613 664 1676 tradunt
692 1613 784 1678 Suid.
818 1638 845 1679 s.
876 1639 905 1679 v.
940 1625 972 1680 ct
992 1616 1086 1684 Eust.
1117 1649 1151 1711 p.

33 1793 37 1804 ι
69 1709 131 1776 326
159 1711 216 1774 lin.
280 1709 375 1775 Nunc
403 1712 474 1798 cjus
506 1712 655 1776 carminis
682 1713 765 1780 nihil
794 1711 958 1804 superest,
997 1720 1153 1808 epigram-

69 1821 171 1893 mata,
211 1836 292 1900 quae
323 1812 467 1896 ejusdem
496 1837 612 1878 nomen
642 1814 750 1878 lerunt
778 1809 1002 1899 (Schneidcw.
1024 1822 1150 1890 Delect.

69 1938 102 2000 p.
135 1908 243 1997 323),
288 1912 371 1977 nihil
407 1913 476 1976 fere
513 1913 664 1978 Lesbiaci
701 1914 829 1978 habent.
861 1954 900 1966 -
954 1919 1152 2006 lllclinno,

68 2038 163 2102 quam
186 2013 316 2078 Stobaei
336 2013 463 2078 codices
486 2014 637 2078 Lesbiam
659 2014 788 2096 dicunt,
811 2016 845 2078 in
867 2018 1005 2081 carmine
1026 2023 1066 2085 ad
1087 2023 1153 2088 Ro·
1202 2055 1206 2064 «

67 2141 153 2179 mam
175 2115 341 2195 (Schneid.
360 2139 397 2202 p.
422 2116 511 2196 454),
534 2123 640 2204 apsente
661 2115 863 2202 antiquorum
885 2125 1050 2206 petitarum
1071 2124 1151 2190 Les.

68 2217 195 2282 biorum
217 2217 387 2280 dialectum
408 2211 527 2278 imitata
549 2226 617 2298 est,
641 2227 676 2279 ut
699 2216 835 2299 odrvytol,
859 2225 1019 2300 βασιλῆοι,
1044 2249 1153 2310 culpa.

68 2321 145 2394 οῆον
166 2317 301 2400 docent,
329 2315 480 2408 audacius
501 2327 606 2380 tamen
629 2327 697 2399 est,
739 2318 857 2406 ubique
879 2322 960 2383 hanc
982 2321 1152 2392 dialectum

68 2418 298 2482 1·cstituerc.-
340 2416 516 2498 Pittaci,
540 2439 620 2503 quac
641 2419 742 2482 fertur
762 2420 847 2506 apud
867 2418 966 2506 Βίοις.
989 2423 1097 2492 Laert.
1122 2429 1151 2509 l,

65 2522 130 2602 81,
163 2519 316 2607 epistola,
349 2543 529 2606 quanquam
558 2527 665 2606 aperte
695 2518 881 2602 subditicia,
913 2526 1069 2600 nonnulla
1090 2529 1153 2592 Le·

67 2621 148 2684 sbiis
169 2618 343 2708 peculiaria
363 2619 468 2684 babet.
492 2657 534 2668 -
577 2618 762 2683 Omittimus
784 2621 864 2684 alios
887 2629 1020 2709 pobtaS,
1042 2652 1151 2692 recen.

64 2720 184 2786 tissimi
203 2719 340 2784 maxime
361 2719 526 2808 temporis,
545 2720 602 2809 qui
624 2721 820 2808 antiquiores
837 2722 976 2809 sequuti,
999 2721 1150 2790 Doricam

65 2823 239 2888 dialectum
260 2821 445 2903 nonnullis,
468 2845 549 2910 quae
570 2820 745 2885 Lesbiacae
765 2821 895 2909 propria
917 2832 1010 2898 sunt,
1033 2833 1150 2910 tempus-

65 2933 235 3006 raverunt3
276 2922 355 2985 adeo
391 2945 432 2984 ne
463 2945 559 3009 prosa
589 2921 718 3008 quidem
747 2921 847 2985 oratio
878 2921 1151 3009 Pythagoreorum

65 3023 287 3111 antiquitatem
307 3021 512 3088 mentitorum
533 3023 651 3087 talibus
673 3020 837 3088 abstinuit.

151 3123 310 3191 Nolumus
347 3135 451 3188 autem
487 3124 632 3189 omittere
665 3122 927 3189 Grammaticum'
946 3127 1152 3208 Leidensem,

65 3227 123 3315 qui
152 3251 185 3315 p.
209 3225 271 3290 639
300 3226 339 3289 de
361 3223 496 3289 Aeolica
522 3225 657 3289 dialecto
687 3223 838 3311 loquutus
860 3227 967 3290 addita
1009 3229 1156 3312 κέχρηται

67 3331 99 3390 δὲ
135 3325 212 3414 αὐτῇ
248 3323 390 3408 Σαπφώ,
421 3323 591 3403 Ἀλκαῖος,
624 3324 738 3388 Μύνοα
766 3329 820 3389 καλ
849 3327 944 3392 ἄλλοι.
1008 3327 1153 3393 lloenius

66 3426 247 3492 emendavit
274 3427 384 3503 Μυῖα,
426 3449 520 3514 quam
550 3425 653 3494 voluit
681 3426 766 3490 baud
799 3427 895 3492 dubie
926 3427 1044 3492 Suidae
1068 3428 1155 3494 Tbe-

66 3528 228 3616 spiensem
260 3525 413 3616 lyricam,
428 3514 524 3616 'quae
551 3551 618 3595 non
646 3525 771 3592 diversa
793 3539 843 3592 est
868 3555 886 3592 a
908 3527 1060 3596 Corinna.
1084 3531 1151 3597 vid.

67 3628 161 3694 Suid.
198 3651 224 3692 s.
254 3653 285 3695 v.
315 3625 471 3712 Κόριννα,
504 3629 636 3696 Wclch.
669 3628 704 3692 in
733 3629 852 3722 lireuz.
884 3629 1009 3698 Melete.
1042 3632 1087 3700 ll.
1118 3657 1173 3722 p.,

65 3729 109 3794 10
131 3751 221 3816 seqq.
267 3727 380 3815 Neque
400 3727 611 3815 improbabile
633 3741 693 3806 cst,
716 3732 956 3818 grammaticum
979 3731 1153 3817 Corinnae,

66 3830 220 3894 Boeotica
242 3829 377 3893 dialecto
399 3853 492 3903 usae,
516 3829 683 3894 Aeolicam
704 3830 925 3921 adscripsisse,
948 3857 1046 3920 quum
1067 3833 1154 3898 idem
1219 3880 1220 3884 =
1255 3873 1262 3900 ι

66 3928 220 3994 Boeotica
254 3932 392 4006 Μοῖσαι,
425 3935 577 4007 λιποῦσαι,
618 3929 703 4012 {told
732 3933 867 3998 Aeolica
896 3934 981 4000 dicat
1020 3959 1054 4022 p.
1077 3933 1152 4008 637.

63 4031 139 4097 638.
163 4121 185 4146 »ο
206 4028 355 4094 Ceterum
398 4032 503 4118 possis
538 4030 632 4098 etiam
662 4031 798 4116 Ἤριννα
837 4037 890 4103 vel
924 4035 1062 4106 Μέλανα
1101 4056 1151 4100 su-

70 4154 218 4223 spteat'h,
