2748 4832
173 1453 316 1532 lmrlex
336 1453 552 1538 signorum
572 1457 617 1525 et
636 1399 1031 1523 nourevtanonum.

11 1941 12 1952 ,
79 1891 108 1944 Α.
133 1869 174 1944 ¹rel
200 1891 273 1945 Alc.
309 1889 425 1962 Alcaeus
441 1905 458 1944 e
476 1898 582 1960 nostra,
604 1906 685 1960 qnam
707 1890 736 1944 in
753 1891 916 1961 appendice
933 1890 1072 1960 dedimus,
1099 1909 1142 1948 ra-

138 1987 271 2040 censione.

11 2067 13 2100 *
78 2080 153 2132 Anu.
176 2080 234 2133 Ox.
270 2075 414 2131 Anecdota
430 2077 537 2131 Graeca
558 2093 574 2130 e
597 2075 678 2129 codd.
702 2077 893 2148 manuscriptis
915 2077 1142 2136 bibliothecarum

138 2171 335 2226 oxoniensium
353 2172 491 2242 descripta
507 2189 524 2226 a
542 2172 680 2226 Gramero.

59 2268 61 2276 '
79 2269 150 2338 App.
169 2271 219 2324 Et.
237 2269 272 2324 G.
307 2267 460 2338 Appendix
476 2269 664 2339 Etymologici
681 2269 812 2324 Gudiani.

78 2365 164 2420 Aust.
179 2384 219 2438 Δπ.
245 2361 294 2434 ὀμ.
318 2361 357 2428 ti.¹
380 2369 486 2418 Auctor
506 2371 568 2432 περὶ
589 2361 736 2436 Ὁμηρικῆς
760 2357 896 2422 iroiint'ov
918 2371 991 2440 apud
1020 2370 1139 2430 Maittai.

138 2464 208 2516 rium
226 2461 262 2515 de
278 2459 404 2513 dialectis
421 2460 464 2512 ed.
482 2459 572 2514 Sturz.

79 2560 156 2629 Ang.
191 2557 390 2614 Grammaticus
413 2559 585 2625 Augustanus
606 2568 669 2627 post
688 2557 830 2614 Schaeseri
853 2559 1019 2630 Gregoriuna
1045 2561 1142 2618 Corin·

138 2654 232 2709 titium.

78 2747 180 2801 Bekk.
216 2743 357 2800 Aneodota
374 2725 480 2797 Graeca
496 2743 632 2800 Bekkeri.

78 2843 191 2896 Choer.
227 2837 433 2896 Choeroboscus
458 2849 502 2907 et,
527 2840 576 2892 ubi
599 2839 668 2893 nihii
687 2839 811 2908 additur,
834 2845 891 2909 ejus
908 2842 981 2897 liber
996 2844 1032 2898 de
1048 2847 1141 2903 ortho-

138 2935 255 3006 graphia
272 2935 301 2987 in
319 2933 523 2988 Anecdotorum
540 2934 738 2988 oxoniensium
756 2935 894 2991 volumius
910 2939 1039 2995 secundo.

79 3031 153 3096 Gur.
181 3031 319 3086 Corinnae
336 3029 488 3097 fragmenta
505 3029 533 3082 in
550 3029 722 3100 Appendice.

79 3125 107 3178 G.
124 3127 145 3181 1.
180 3127 287 3195 Corpus
304 3124 515 3193 Inscriptionum
533 3105 698 3179 Graecarum
715 3123 760 3178 ed.
777 3123 903 3192 Boeckh.

78 3222 157 3277 Cum.
192 3224 315 3278 Marmor
330 3221 484 3273 cumaeum.
512 3220 568 3273 vid.
587 3222 610 3286 5.
627 3222 652 3274 2.

78 3317 250 3374 uouerat.
293 3317 434 3385 Excerpta
457 3332 474 3368 e
495 3315 592 3370 codice
614 3316 765 3372 Parisiensi
788 3325 851 3388 post
870 3315 1011 3373 Schneieri
1034 3320 1141 3391 Grego.

78 3403 155 3458 Exo.
175 3404 250 3457 Par.
294 3401 365 3455 rium
382 3400 562 3455 Corinthium.
673 3453 676 3463 ,

77 3499 123 3554 Et.
142 3501 177 3555 G.
212 3497 435 3570 Etymologicum
453 3495 617 3551 Gudiaaum.

78 3624 107 3636 -
138 3598 178 3652 M.
314 3623 348 3637 -
448 3592 612 3660 Magnum

78 3717 107 3731 —
139 3690 224 3746 Or..'
317 3717 349 3730 -
407 3671 414 3686 ⁹
452 3685 573 3739 Orionis.

77 3786 160 3842 Enst.
195 3784 332 3840 Eustathii
349 3779 542 3837 commentarii
562 3777 711 3834 Homerici.

78 3881 131 3936 Ex.
148 3883 200 3940 Gr.
234 3878 452 3935 Exercitationes
469 3875 595 3930 criticae.
726 3945 727 3952 ἵ

78 3975 177 4032 Giese
195 3976 263 4029 iiber
280 3973 333 4028 den
352 3971 516 4026 Aeolischen
533 3969 652 4024 Dialect.

19 4073 20 4076 ’
79 4069 130 4124 Gr.
164 4069 369 4124 Grammaticus.

75 4161 174 4234 Greg.
193 4165 223 4218 G.
259 4162 411 4229 Gregorius
427 4159 587 4216 Corinthius
603 4173 640 4212 ex
658 4157 781 4214 editione
797 4156 947 4218 Schaeferi.
