2710 4820
316 349 348 443 §.
376 349 436 427 to.
486 351 543 424 De
568 346 804 448 diphthongis.
891 412 895 421 .
1029 346 1100 422 193

32 552 103 616 zolde
128 555 322 622 eBoechhii
345 556 531 642 conjectura
560 577 619 642 pro
646 576 718 616 τον.
735 599 742 614 .
760 597 789 638 .,
828 551 864 615 in
885 548 1100 616 Orchomenio

33 653 106 718 1593
126 661 279 741 Βοιωτοί,
302 680 484 746 quanquam
505 657 583 719 hace
604 653 702 719 lectio
724 675 791 716 non
812 651 992 718 certissima
1012 650 1100 720 uide·

30 764 86 818 tur.
129 755 297 824 Praeterea
324 765 358 822 ῡῖ
384 779 510 843 semper
536 755 695 820 retinetur
721 751 756 816 in
782 753 855 840 ipso
875 753 1023 816 Βοιωτῶν
1043 775 1100 816 no·

31 852 221 929 mine1565.
248 857 570 924 1573.1575.1588.
597 855 696 940 1593,
736 853 876 943 denique
897 855 934 919 in
960 853 1117 928 nominis
1159 918 1162 926 ,
1257 867 1259 878 ’

30 951 86 1017 hus
115 957 254 1044 propriis
284 961 482 1038 Λαμοτοίδας
506 957 604 1036 1568,
647 957 803 1028 Μενοίτας
836 955 934 1038 1569,
971 979 1001 1022 a.
1035 955 1097 1022 ΙΙΙ.

30 1051 91 1118 lota
110 1056 241 1141 ejicitur
256 1057 292 1122 in
314 1057 433 1123 ἰπόεισε
455 1059 537 1125 1582
557 1067 589 1121 et
609 1057 733 1130 ποείτας
755 1055 848 1122 1583.

116 1156 215 1246 Apud
250 1159 423 1224 Corinnam
463 1170 584 1223 certum
629 1157 727 1243 hujus
768 1154 954 1220 mutationis
994 1178 1099 1220 exem·

29 1254 108 1340 plum
133 1281 196 1322 non
217 1259 350 1348 legitur.
393 1260 526 1325 Praeter
545 1257 686 1332 Βονοννὸς
705 1259 785 1323 feo
808 1267 839 1322 et
854 1255 1026 1338 Πννδόρονο
1046 1259 1099 1340 12,

30 1376 154 1439 qnorum
175 1360 311 1424 alterum
337 1360 505 1426 titulorum
523 1385 585 1424 usu
614 1358 815 1440 defenditur,
855 1359 990 1422 alterum
1018 1357 1100 1422 anti·

30 1455 138 1538 quitate
159 1459 299 1543 formae,
328 1468 410 1549 qua‘e
431 1485 497 1526 non
519 1461 555 1525 in
575 1460 706 1549 vulgato
727 1483 791 1524 usu
813 1470 898 1542 erat,
921 1459 1099 1524 excusatio·

28 1577 92 1619 nem
119 1559 233 1642 hahet,
275 1560 354 1624 adeo
381 1562 535 1650 leguntur
562 1560 800 1646 βρνμούμενονὸ
828 1572 860 1626 et
887 1561 1100 1635 λενκοπὲπλονς

30 1659 74 1718 11.
120 1659 166 1724 At
186 1661 221 1726 in
242 1662 294 1726 his
317 1661 395 1726 olim
416 1672 434 1724 ῡ
456 1661 611 1748 scriptum
631 1661 734 1726 tuisse
755 1662 966 1746 arbitramur,
1000 1685 1099 1752 quum

28 1752 90 1841 ipse
109 1761 325 1848 Apollonius,
364 1761 421 1851 qui
443 1760 619 1826 Corinnam
639 1760 810 1826 Boeoticae
839 1761 970 1828 dialecti
991 1773 1099 1828 aucto·
1155 1791 1157 1795 ¹

28 1878 87 1921 rem
106 1861 219 1940 hahet,
252 1863 335 1926 hanc
356 1861 563 1926 mutationem
586 1885 652 1927 uon
673 1862 803 1951 ignoret
825 1857 905 1948 (not.
929 1863 974 1942 6).
1019 1863 1100 1928 Inde

26 1976 76 2042 pro
97 1974 244 2052 corrupto
264 1961 318 2040 ηδ’
340 1963 380 2027 fr.
398 1970 422 2027 -1
447 1963 605 2052 suspicari
626 1964 696 2026 ausi
721 1985 831 2026 sumus
854 1961 932 2024 Fcid'
955 1963 978 2025 i.
1003 1987 1031 2027 e.
1057 1962 1099 2028 οἶ-

28 2058 70 2121 da.
91 2100 131 2114 -
159 2064 274 2152 'Apud
293 2063 545 2150 Aristophanem
566 2064 692 2128 nullum
718 2061 816 2146 hujus
837 2062 1024 2128 mutationis
1045 2087 1099 2130 ve·
1134 2149 1136 2158 y

28 2159 158 2249 stipium.
183 2207 226 2218 -
270 2165 417 2229 Pertinet
443 2167 505 2228 hnc
537 2164 633 2229 etiam
654 2163 844 2228 Boeoticum
875 2186 994 2228 nomen
1022 2188 1100 2254 pro-

25 2261 120 2344 prium
140 2264 311 2347 Ἀνεμύνας
330 2289 390 2354 pro
410 2264 537 2354 vulgari
557 2263 741 2349 Ἀνεμοίτας
763 2263 847 2353 apud
866 2262 1036 2330 Demosth.
1059 2265 1105 2332 de

25 2381 82 2426 cor.
129 2369 235 2434 .324.

97 2389 130 2548 6)
159 2468 237 2534 Non
258 2466 368 2532 minus
398 2465 618 2556 diphthongus
640 2472 663 2546 ῷ
684 2465 719 2528 in
747 2465 916 2530 nonnullis
936 2465 1042 2531 titulis
1063 2467 1099 2531 in

23 2565 134 2632 iabit:
172 2574 209 2634 τῦ
231 2567 309 2650 δοίμυ
333 2567 529 2651 1562-64,
553 2566 627 2631 aduri
649 2565 739 2632 1564.
765 2563 864 2645 1569,
887 2589 916 2628 a.
940 2565 1008 2641 ΙΙΙ,
1031 2565 1100 2630 Εὖ-

23 2663 334 2746 pulverulento
356 2669 454 2745 1569,
485 2690 515 2730 a.
538 2667 607 2745 ΙΙΙ,
639 2668 695 2732 ὁδῦ
716 2677 748 2732 et
768 2669 804 2728 τῦ
826 2665 977 2748 1569,,ο.
1022 2667 1099 2730 Pri·

23 2767 121 2835 sciano
151 2782 262 2838 contra
292 2781 373 2835 teste
389 2773 415 2847 8)
446 2759 560 2833 Boeoti
589 2775 612 2849 qi
639 2767 804 2834 mutabant
832 2765 867 2829 in
898 2769 950 2848 553
991 2792 1098 2856 neque

21 2866 105 2934 aliter
130 2872 166 2936 in
195 2871 331 2960 antiquo
359 2871 454 2934 titulo
476 2869 667 2957 Tanapraco
696 2869 776 2935 1599
797 2865 953 2932 Διονύσον
978 2869 1100 2957 legitur

20 2989 71 3054 pro
90 2972 255 3056 Διωνύσῳ.
299 2970 370 3037 Alii
391 2969 590 3058 grammatici
605 2975 631 3050 9)
653 2980 831 3052 testantur,
861 2968 1097 3060 diphthongum

26 3141 297 3159 m

50 3248 74 3312 8)
108 3248 246 3302 Priscian.
266 3247 291 3301 1.
308 3266 336 3318 p.
355 3251 398 3304 49.
425 3248 558 3302 »Romani
576 3252 611 3302 ὀό
628 3249 680 3318 pro
697 3251 722 3316 qi
729 3286 738 3315 ‚
761 3255 791 3302 ut
808 3250 964 3320 comoedia,
987 3265 1096 3322 tragoe-

19 3325 66 3384 dia.
109 3335 169 3390 Nec
194 3335 308 3401 mirum,
336 3352 419 3402 quum
443 3351 494 3403 pro
512 3353 533 3386 ω
557 3350 668 3402 qnoque
691 3335 821 3388 hebemus
848 3340 911 3390 oet
928 3353 980 3406 pro
997 3347 1012 3389 -ῑ
1030 3343 1045 3392 ἒ
1063 3340 1095 3392 in

20 3411 182 3488 diphthongo
201 3421 359 3489 accipimus.
404 3421 466 3474 lloc
489 3430 577 3474 tamen
595 3411 709 3489 quoque¹
722 3421 757 3474 ad
777 3419 956 3478 imitationem
973 3427 1095 3480 Boeoto·

20 3517 71 3558 rum
88 3507 207 3560 solemus
226 3507 340 3560 tacere«

46 3627 71 3684 ο)
104 3629 149 3682 m.
166 3631 210 3684 u.
228 3630 277 3694 ro,
302 3631 337 3682 νο
362 3643 378 3680 e
402 3625 595 3680 onoerobosco
621 3627 673 3693 (cs.
695 3629 739 3682 nt.
758 3628 791 3682 o.
814 3632 861 3697 13,
877 3633 946 3696 em:
962 3629 1025 3686 ‘aas
1048 3633 1098 3689 wo

21 3703 89 3765 nitate
105 3718 208 3783 γίνεται
226 3711 333 3782 αἰδοῖος,
352 3705 440 3778 ὥσπερ
457 3707 526 3780 ἠῷος
542 3721 587 3766 καί
604 3709 693 3781 η’(ννῖος
709 3712 838 3768 καίνοτοί
858 3715 961 3785 τροπήν
979 3727 1095 3774 Βοιωτι-

22 3792 58 3862 ιήν
74 3797 120 3866 τῆς
137 3806 161 3870 οῖ
177 3799 331 3871 διφθόγγον
355 3795 391 3852 εἰς
408 3798 440 3850 δῖ
459 3793 532 3863 ηὀῒοσ
549 3805 594 3851 καί
612 3795 726 3863 αἰδοῖος,
754 3799 855 3853 deinde
874 3803 892 3856 l.
910 3806 952 3858 59.
978 3799 1045 3859 ὅθεν
1062 3808 1095 3860 τό

22 3876 106 3939 u'doios
131 3885 161 3940 ἐκ
179 3883 229 3940 τοῦ
253 3881 348 3955 οίδῷοε
369 3881 496 3950 κτητικοῦ
519 3888 619 3954 γίνεται
642 3883 712 3938 acroi
735 3885 840 3953 τροπήν
857 3885 987 3958 Αίοίινήν
1007 3888 1096 3960 τῆςῷ

22 3961 161 4042 ίιφθόγγον
179 3970 217 4026 εἷς
234 3977 275 4028 ὅῖ.
296 4003 326 4016 -
361 3971 405 4023 Et.
426 3969 465 4022 hl.
485 3973 549 4036 224,
569 3973 611 4024 36.
639 3967 713 4037 nopai
741 3969 773 4024 νδ
795 3976 875 4040 γέλως
896 3971 964 4040 ysici
989 3974 1096 4042 yeloii'os

23 4047 44 4104 it
66 4057 216 4128 ποτρνίῖοσ·
242 4065 286 4112 καί
303 4055 456 4112 Βοιιντινῶσ
473 4054 589 4125 γελοῖος·
623 4054 652 4109 οί
667 4055 719 4125 γᾰρ
737 4063 853 4112 Βοιωτοί
874 4056 907 4112 τὸ
925 4063 949 4111 οῖ
965 4067 1010 4114 καί
1026 4072 1041 4114 ῒ
1057 4059 1095 4118 a'r

23 4137 56 4206 ἠν
79 4147 111 4198 δῖ
136 4143 287 4214 δίφθογγον
311 4148 450 4209 reducere,
478 4139 510 4196 sd
536 4147 657 4211 πατρῷον
682 4145 811 4212 aaronem
840 4141 960 4213 ίίγοντεσ
986 4152 1030 4199 ναί
1054 4145 1087 4201 τό

24 4220 101 4293 ἶρνίϊοε
124 4225 289 4304 cipetra-1
311 4230 437 4296 Theogn.
460 4231 514 4282 Ox.
533 4229 579 4293 11,
601 4233 650 4296 53,
672 4231 715 4282 30.
743 4233 920 4298 connitatur,
945 4232 1096 4287 Βοιωτινίν

814 4325 886 4389 ’13
