2748 4832
387 317 419 410 l.
447 321 481 396 4.
534 319 591 410 D'e
614 263 755 414 spiritu.
1065 314 1115 396 19
1216 419 1228 428 κ

41 539 141 603 centn,
192 527 318 592 etiamsi
355 527 537 616 generalem
570 525 715 611 regulam
747 543 920 614 agnoscere
958 523 1110 599 nolimus,

40 652 95 692 non
122 628 218 694 liccat
252 651 271 692 e
304 627 441 714 singulis
476 625 753 716 grammaticorum
784 623 977 690 testimoniis
997 637 1051 690 aut
1071 649 1112 695 ex

39 729 176 816 analogia
193 729 351 815 judicare.
368 765 409 778 -
445 727 521 796 Non
542 725 755 792 dubitavimus
776 723 877 814 igitur
896 724 930 791 iu
951 726 1111 814 fragmen-

39 831 74 896 tis
94 829 285 912 Lesbiorum
311 834 491 917 polituram·
506 827 624 915 ubique
645 825 819 912 genuinum
840 839 1005 892 accentum
1025 828 1112 893 Aeo·

38 932 127 998 licum
156 953 316 995 revocare.
381 928 465 994 Nam
486 924 580 991 etiam
610 927 663 990 bie
684 926 905 1012 grammaticos
926 951 1052 1017 semper
1072 930 1112 995 de

38 1031 189 1096 Aeolibus
209 1031 342 1094 Asianis
363 1029 522 1116 cogitare,
552 1037 588 1091 nt
607 1027 669 1091 alia
691 1028 888 1104 omittamus,
921 1040 1052 1117 apparet
1072 1054 1113 1096 ex

39 1133 73 1196 iis
93 1133 174 1196 locis
183 1179 194 1209 ,
218 1130 274 1194 ubi
296 1131 335 1195 de
357 1129 582 1218 pronominum
602 1139 735 1192 accentu
755 1127 871 1214 agitur.
915 1126 1111 1216 Apollonius

40 1231 193 1320 Dyscolus
216 1231 302 1295 enim
322 1231 363 1294 ad
384 1228 555 1294 Aeolicum
576 1229 651 1312 i'yam
673 1228 821 1317 Sapphus
842 1229 933 1293 affert
953 1230 1112 1317 fragmen·

39 1345 98 1397 tum
128 1354 179 1397 nr.
209 1333 290 1413 1023
330 1331 460 1421 propria
489 1329 604 1396 deinde
636 1328 766 1394 Lesbiis
796 1337 870 1394 sunt
900 1327 1013 1413 ἄμμες,
1053 1331 1112 1415 dp«

39 1459 85 1516 μες
104 1445 162 1500 cte.

418 1637 421 1653 .
525 1613 617 1706 §.AE
730 1571 738 1592 ’

458 1755 520 1806 llo
541 1755 683 1818 epta-ltu·

114 1883 154 1966 1)
185 1883 277 1968 Quae
306 1877 404 1944 inerit
431 1875 564 1966 spiritus
593 1868 678 1964 apud
706 1869 827 1939 Aeoles
849 1871 991 1936 Asianos
1018 1869 1110 1954 ratio,

37 2000 155 2076 praeter
194 1981 417 2072 grammaticos
459 1984 625 2067 petitarum
659 1971 815 2060 reliquiae
854 1981 886 2037 et
930 1973 1113 2063 inscriptio·

37 2111 88 2152 nes
124 2087 324 2175 aliquatenus
361 2082 476 2146 docere
511 2085 663 2166 possunt,
689 2071 859 2160 ¹siquidem
896 2072 1002 2136 tennis
1038 2086 1112 2140 ante

39 2199 217 2276 sequentem
245 2183 388 2251 vocalem
424 2179 460 2242 in
496 2177 667 2266 aspiratam
697 2183 815 2238 mutata
845 2191 1010 2262 asperum,
1046 2199 1112 2240 non

34 2273 147 2352 nauata
175 2289 281 2351 lenem
301 2282 420 2372 prodit.
486 2278 586 2344 Nulla
607 2276 692 2341 enirn
720 2275 888 2364 inscriptio
909 2275 980 2360 ejus
1001 2276 1113 2345 aetatis
1219 2275 1221 2278 ’

37 2389 152 2476 reliqua
174 2396 238 2464 cst,
262 2410 325 2474 qua
347 2384 494 2448 solebant
514 2378 631 2444 Graeci
652 2378 759 2466 ipsum
780 2375 887 2464 asperi
909 2375 1036 2462 signnm
1058 2401 1113 2466 ap-

37 2490 173 2577 pingere.
238 2487 313 2554 Non
348 2485 483 2550 multum
516 2476 711 2544 auctoritatis
750 2476 919 2564 spirituum
950 2475 1043 2564 signa
1078 2478 1113 2544 in

36 2589 121 2656 libris
142 2590 279 2666 babent,
303 2588 423 2676 quippe
445 2605 525 2674 quae
547 2579 700 2645 facillime
722 2578 936 2667 corruptelam
957 2577 1114 2643 traxerint

37 2702 79 2769 ct,
115 2691 172 2756 ubi
200 2689 377 2754 accuratius
406 2683 531 2750 librarii
552 2679 670 2747 versati
699 2689 791 2754 sunt,
836 2677 1113 2765 grammaticorum

35 2801 149 2858 tantum
171 2790 339 2880 opiniones
368 2786 525 2860 referant,
561 2782 637 2845 dnm
664 2773 753 2867 ipsae
782 2777 894 2843 literae
923 2777 1050 2866 facilins
1072 2778 1113 2844 ex

36 2892 260 2984 antiquissimis
287 2888 379 2954 libris
403 2896 512 2950 contra
534 2873 810 2970 grammaticorum
828 2875 986 2962 judicium
1009 2859 1113 2970 teneri

36 3005 186 3084 poterant.

112 3097 154 3173 2)
184 3090 414 3158 Grammaticos
435 3085 574 3176 primum
596 3081 624 3146 si
646 3079 830 3150 audiamus,
853 3077 975 3144 Aeoles
997 3097 1112 3168 aspero

35 3196 143 3284 spiritu
171 3194 301 3259 omnino
329 3215 394 3254 non
424 3197 499 3252 sunt
532 3184 601 3260 usi,
642 3181 716 3260 sed,
754 3179 811 3269 qui
847 3180 931 3268 apud
969 3180 1113 3267 reliquos

36 3298 170 3362 Graecos
192 3304 277 3370 erat,
308 3312 457 3380 asperum
477 3287 596 3374 ubique
617 3283 651 3348 in
673 3284 780 3349 lenem
800 3281 980 3356 mutabant,
1009 3301 1112 3367 eaque

34 3397 99 3486 ipsa
125 3399 165 3463 de
193 3419 306 3473 cansa,
339 3391 395 3457 nbi
421 3387 539 3476 reliqui
566 3398 694 3450 tenuem
721 3406 793 3446 cum
823 3379 968 3468 sequenti
997 3403 1112 3468 aspero

33 3495 65 3564 iu
86 3500 254 3590 aspiratam
274 3493 466 3568 mutabant,¹
478 3487 543 3578 ipsi
564 3497 692 3552 tenuem
713 3481 972 3562 retinebant1)..
997 3479 1113 3570 Neque

38 3696 294 3711 *wrm-

64 3824 90 3889 l)
125 3819 220 3893 Apoll.
241 3815 276 3874 d'e
293 3811 370 3890 synt.
385 3815 435 3884 38,
452 3818 486 3871 27
504 3815 635 3884 exemplo
653 3801 863 3867 constructionis
886 3799 940 3860 boc
956 3800 1057 3862 utiturt
1088 3798 1117 3860 ei

32 3909 78 3975 μὲν
104 3905 178 3962 ἄλλοι
195 3899 322 3974 Ἕλληνες
346 3894 485 3958 daciarum
506 3893 542 3956 rei
566 3898 595 3953 ἐν
615 3899 650 3973 τῇ
671 3897 741 3962 λέξει
764 3889 918 3964 φωνήεντα,
952 3889 1061 3949 Aiolais
1084 3887 1115 3946 di

32 3995 113 4061 μόνον
137 3991 259 4064 φιλοῦσι,
288 4002 315 4046 et
332 3990 398 4043 item
414 4007 442 4058 p.
461 3991 512 4056 39,
531 3992 574 4042 17.
592 3982 667 4039 diter
690 3988 741 4056 μὲν
760 3979 890 4046 Ἕλληνες
911 3975 1055 4032 decrivemus
1079 3973 1114 4032 sci

32 4076 181 4148 φωνήεντα,
205 4075 313 4134 Atotszr
330 4073 359 4129 di·
378 4071 512 4138 addentia.
531 4068 563 4114 -’
599 4065 754 4141 Melampus
770 4063 864 4122 Bekk.
884 4069 948 4130 777,
968 4067 1010 4118 18.
1034 4060 1116 4125 (Ala-
1207 4081 1216 4110 1

30 4162 93 4230 iaia)
116 4161 258 4243 priorious
283 4159 375 4217 πᾶσαν
397 4145 476 4226 illio.
495 4185 530 4204 -e
562 4159 668 4214 Seboll.
695 4157 866 4219 1111111779,
886 4153 928 4204 18.
949 4150 1007 4202 eois
1026 4145 1117 4206 dacto»

874 4245 913 4312 2*
