2710 4820
49 286 78 378 s.
99 229 177 364 aa
201 289 258 362 oe
273 285 465 362 noeane
482 283 564 361 aaut.
585 285 705 362 incon
722 302 758 362 et
776 283 995 387 asinitate.
1047 287 1124 368 art

49 493 155 578 πότερα
173 497 309 559 Βοιωτοὶ
331 489 568 576 βαρβαρώτεροι
586 487 787 579 τυγχάνουσιν
816 493 941 573 deterri
968 501 1125 576 esmant

49 596 196 677 φάμενος,
229 592 428 668 ὦς’Ήλεΐοο.
472 593 602 660 Nostris
634 594 771 660 anrihos'
789 596 899 684 potins
920 597 1052 662 mollins
1074 621 1133 664 so·-

48 695 283 778 nare'nidetur,
313 715 411 784 qnam
432 693 541 759 Attica
563 696 694 783 lingua,
727 697 848 785 qnippe
869 721 950 786 quae
971 698 1050 765 vitet
1081 700 1123 764 si·

46 799 179 864 hilantcs
199 808 232 860 et
251 797 441 884 plerumque
462 797 689 885 diphthongos.
714 800 726 882 J
747 795 814 861 Sed
833 799 984 864 nolumus
1006 801 1124 866 morari

46 897 81 963 in
101 897 311 986 disputatione
331 895 457 960 lubrica
478 919 583 986 neque
609 899 703 962 valde
722 889 809 963 utili.
868 889 1005 966 Gravior
1027 925 1124 990 quoe·

48 1000 107 1064 stio
127 1012 173 1064 est
194 999 234 1064 de
267 997 456 1086 antiquitate
478 998 607 1062 dialecti
627 991 819 1084 Boeoticae,
850 1023 953 1090 quam·
973 1003 1125 1070 uolumus
1178 983 1180 996 Ι

46 1099 98 1163 hic
112 1099 244 1164 ⁴silentio
264 1099 530 1187 praetermittere,
553 1121 733 1188 quanquam
756 1125 821 1164 nou
842 1113 947 1190 potest
967 1103 1008 1167 ad
1027 1089 1125 1194 liquiss
1214 1120 1216 1124 ’

42 1201 120 1285 Α(Ιιιιο
151 1199 244 1290 prius
276 1200 433 1290 perduoi,
473 1200 642 1288 quamde
675 1199 896 1288 antiquissima
915 1203 1126 1288 ⁴Gmeeorum

46 1301 155 1386 lingua
175 1301 297 1366 certius
317 1325 412 1390 quam
433 1322 519 1366 nome
541 1293 678 1368 constet.
740 1301 804 1367 Cui
823 1303 1005 1370 Bocchhins
1027 1325 1128 1393 quum

46 1402 235 1467 Boeotorum
254 1401 436 1477 'dialectum
471 1403 654 1492 propiorem
687 1393 865 1469 hahendam
893 1427 964 1469 esse
988 1407 1125 1492 judicat,

48 1525 139 1590 quam
159 1502 299 1568 Aeolum
318 1501 515 1568 Asianorum
538 1500 592 1591 (G.
617 1505 644 1569 l.
667 1530 701 1595 p.
713 1506 788 1590 717,
809 1502 867 1594 h),
889 1505 1027 1571 maxime
1049 1507 1127 1570 niti-

45 1617 98 1667 tnr
129 1625 165 1667 ea
196 1604 366 1688 affinitate,
407 1627 502 1693 (pram
519 1603 686 1670 'Boeotico
716 1607 830 1696 lingna
863 1631 935 1672 crim
967 1608 1129 1702 Lpoonica

47 1700 96 1787 (B
117 1704 236 1794 ροοξ,
258 1705 297 1776 ’ἱὶ
316 1713 380 1795 'pro
399 1707 453 1784 ii,
482 1707 589 1794 ὦρτο
609 1709 648 1781 ὗ)
670 1716 706 1771 et
723 1708 838 1772 Latina
860 1707 911 1790 (oe
933 1719 965 1773 et
986 1709 1032 1789 οε)
1055 1733 1128 1798 pro·

46 1809 120 1872 dere
150 1809 286 1873 ridetur.
350 1807 399 1871 At
424 1807 545 1876 talibus
573 1831 638 1871 non
666 1807 802 1870 nimium
831 1818 880 1872 est
905 1809 1125 1894 tribuendum,

47 1909 122 1996 quia
145 1929 239 1998 saepe
260 1910 316 1991 fit,
347 1920 384 1974 ut
405 1909 642 1976 diversissimae
662 1907 808 1994 liuguae,
831 1908 917 1973 inter
938 1933 1017 1998 quas
1039 1911 1128 1975 nulla

45 2009 181 2075 affinitas
208 2033 314 2100 neque
334 2011 424 2076 nllus
452 2011 650 2074 intercursus
673 2031 815 2098 uuquam
836 2009 962 2096 extitit,
1001 2011 1129 2079 easdem

45 2111 193 2199 antiquae
219 2111 491 2200 pronuntiationis
516 2109 708 2174 mutationes
737 2110 910 2199 patiantur.
975 2111 1023 2177 Ita
1045 2113 1130 2201 apud

44 2212 314 2280 Franco-Gallos
346 2225 378 2277 ct
404 2213 533 2302 Anglos
563 2211 783 2301 diphthongus
809 2214 836 2281 {i
868 2215 1130 2302 pronuntiatione

43 2315 79 2378 in
102 2314 240 2380 similem
259 2335 373 2378 sonum
395 2313 491 2392 abiit,
521 2325 616 2403 atquc
637 2314 748 2379 Boeoti
769 2315 821 2381 vel
844 2316 879 2379 ἇὲ
906 2339 978 2380 cum
1000 2315 1129 2381 Latinis

43 2417 99 2482 vel
118 2417 138 2494 ᾖ
159 2415 331 2482 scribendo
353 2426 589 2503 expresserunt.
646 2414 690 2478 Et
719 2415 809 2504 ipsos
829 2415 969 2481 Boeotos
990 2418 1129 2505 antiqni-

44 2517 179 2594 tosti,
214 2518 263 2601 οῖ,
290 2524 312 2579 ri
346 2517 536 2604 scripsisse,
578 2515 672 2581 nohis
701 2517 938 2582 demonstrasse
970 2517 1127 2581 videmur.

43 2619 113 2683 vid.
137 2613 168 2705 fi.
191 2619 244 2684 41.
307 2617 458 2707 Denique
479 2641 521 2682 ne
548 2617 613 2706 ipsi
634 2617 764 2704 quidem
785 2618 953 2701 Lacones,
987 2617 1022 2680 id
1043 2618 1130 2706 qnod
1159 2670 1164 2676 ,

44 2743 122 2784 mox
151 2717 458 2800 demonstrabimus,
485 2720 608 2807 ‘neque
627 2718 745 2785 ¹Latini
773 2719 893 2807 ultique
927 2718 1130 2806 antiquorum

43 2820 227 2886 tenaciores
256 2831 363 2901 erunt,
396 2844 493 2908 quam
520 2818 666 2908 plerique
689 2819 815 2886 Graeci.
881 2818 1032 2883 Ceterum
1063 2842 1131 2884 non

41 2945 214 3008 negamus,
237 2921 433 2986 nonnullae
455 2921 588 2986 Boeotis
610 2944 650 2984 ex
671 2921 853 3010 antiquiore
874 2921 985 3008 lingna
1007 2930 1131 2986 retenta

42 3047 132 3104 csse,
156 3046 237 3111 quae
258 3013 377 3110 reliqui
397 3022 512 3087 Gracci
534 3021 697 3092 mutarint.
742 3023 791 3088 Eo
813 3023 953 3113 pertinet
973 3023 1131 3110 digamma

43 3123 170 3188 diutius
202 3135 234 3188 et
261 3125 381 3209 majore
410 3147 483 3188 cum
503 3123 587 3204 fide,
621 3147 716 3212 quam
737 3125 823 3214 apud
845 3124 966 3188 Aeoles
987 3123 1130 3190 Asianos

41 3237 76 3292 et
105 3224 215 3288 Dores
250 3235 430 3308 servatum,
473 3225 622 3312 antiquus
658 3225 774 3290 deinde
809 3225 931 3291 vocalis
970 3227 986 3287 ῦ
1017 3247 1130 3306 senne,

40 3349 144 3416 quem
164 3325 358 3392 recentiores
379 3325 494 3390 Boeoti
515 3337 547 3390 ct
568 3326 715 3390 Lacones
745 3327 780 3389 οὗ
810 3324 980 3390 scribendo
1003 3348 1131 3416 expres·

41 3437 178 3502 serunt,
216 3451 398 3516 quanquam
420 3428 552 3492 dubium
580 3427 682 3492 videri
709 3438 833 3514 potest,
876 3451 916 3490 an
938 3427 994 3490 alii
1016 3425 1134 3490 Graeci

39 3529 185 3596 eundem
207 3519 341 3612 sonum,
364 3540 400 3593 ut
420 3529 618 3617 antiquiores
638 3527 771 3610 Boeoti,
795 3527 951 3616 scriptura
973 3552 1038 3594 non
1060 3551 1134 3590 rura*

38 3642 109 3696 tata
139 3630 320 3714 tenuerint,
354 3628 492 3716 denique
518 3631 640 3694 ‘soranae
673 3653 739 3693 non
761 3640 940 3694 contractae
971 3630 1132 3712 Λαρίταο,

37 3731 239 3797 πατοπτάων.
285 3729 325 3796 lh
344 3731 417 3796 aliis
440 3740 550 3795 contra
569 3729 702 3818 longius
724 3729 763 3794 ab
784 3731 915 3820 antiqua
936 3731 1060 3796 ratione
1081 3751 1143 3792 re·-

37 3843 238 3914 cesserunt,
277 3857 371 3919 quam
401 3833 506 3896 ullum
527 3831 624 3895 alium
647 3830 843 3896 Graecorum
871 3833 1027 3920 populum
1057 3853 1156 3892 eon-s

38 3945 129 4015 stat,
171 3933 207 3998 id
228 3933 315 4019 qnod
335 3933 471 3998 maxime
493 3932 704 4020 conspicuum
732 3944 782 3998 cst
803 3934 838 3998 in
860 3934 1134 4020 diphthonqorum
1181 3931 1182 3938 '

36 4033 299 4112 mutationibus,
322 4027 410 4122 =qum
432 4035 519 4124 ipsas
541 4032 580 4095 alr
602 4033 781 4120 antiquiore
801 4037 982 4098 Boeotismo
1010 4031 1133 4094 alienas

38 4161 122 4206 esse
147 4159 246 4224 supra
269 4129 320 4222 (§
344 4131 405 4218 41)
429 4135 725 4200 demonstravimus.
783 4133 827 4200 Et
846 4134 897 4198 his
919 4131 1049 4222 quidem
1069 4155 1134 4198 me-
