2712 4820
259 318 293 402 5.
323 307 380 388 12.
432 312 489 384 De
515 311 701 388 vocalibus
727 314 910 396 brevibus.
1080 325 1130 402 83

34 537 152 581 verum
181 513 329 593 videtur,
359 514 434 605 quia
456 512 534 587 sads
555 525 641 582 certa
668 528 745 582 suut
767 517 841 604 ὅπα,
874 519 971 602 πότε,
1004 525 1125 594 liltore«

32 615 102 682 vid.
129 611 161 706 ᾖ.
184 617 237 685 29.

122 717 276 805 Denique
309 717 382 784 diu
403 717 468 784 flue
489 728 629 786 mutatur
649 719 684 784 iu
715 720 789 786 ἀπύ
810 723 900 790 Anu.
925 725 987 794 Ox.
1011 730 1048 812 1,
1071 730 1127 813 47,

31 819 78 884 28
109 819 198 900 (vid.
226 829 295 884 uot.
318 820 380 902 3),
413 819 499 885 uude
530 820 566 886 iu
592 820 696 886 titulis
723 823 877 914 leguntur
904 827 1005 896 Lesb.
1028 831 1126 915 2166,

33 920 79 985 40
103 917 313 1000 ἀποδόμενον,
335 921 419 989 2186
441 919 609 1006 ἇπύγονον,
638 923 722 990 2189
745 924 806 991 ἀπε)
828 930 997 1012 βασιλέων,
1031 930 1127 1000 Cum„

32 1022 90 1086 Q.
121 1021 166 1088 28
197 1019 428 1100 ἀποδέδοσθαν,
469 1021 627 1108 ἁποδόχα,
667 1039 777 1094 eontra
812 1029 911 1094 Lesb·
941 1029 1027 1098 2172
1067 1031 1127 1100 eiad

33 1126 212 1210 Κεγχρεᾶν,
236 1121 331 1191 Cum.
356 1126 397 1192 12
419 1123 656 1206 ἀποδεξάμενος,
680 1127 811 1218 Lamps.
834 1131 886 1197 23.
912 1131 964 1197 33.
990 1117 1128 1200 ἀποστὰν

34 1225 145 1308 λε’νια,
184 1224 349 1291 ἀποδώσει.
411 1227 452 1292 Iu
481 1232 646 1314 pottarum
677 1228 772 1294 libris
804 1243 928 1296 servata
954 1243 1030 1298 suut
1065 1231 1126 1300 clad

39 1325 183 1400 Φωκάας
205 1325 239 1391 S.
265 1329 324 1410 14,
349 1326 595 1412 ἀπυστρέφονται
615 1327 650 1392 S.
675 1329 739 1412 67,
762 1331 837 1419 quia
859 1331 893 1396 iu
916 1333 1035 1419 majore
1056 1359 1126 1400 cor·

32 1429 163 1516 ruptela
184 1428 310 1494 librarii
333 1427 602 1518 praepositionem
623 1453 690 1494 uon
711 1445 927 1520 agnoverant,
951 1431 1036 1500 uude
1057 1461 1123 1501 aron

34 1530 274 1615 dubitavimus,
296 1531 462 1617 vulgarem
483 1532 618 1594 formam
640 1529 761 1619 ubique
782 1535 967 1622 expellere,
990 1550 1025 1602 ut
1045 1538 1121 1602 Ale.

33 1631 88 1698 26.
112 1631 166 1698 35.
190 1631 242 1697 64.
300 1631 374 1696 llue
401 1631 540 1719 pertinet
560 1631 656 1695 etiam
677 1631 835 1721 Hesychii
862 1635 971 1720 glossa
994 1639 1122 1716 ἄποθεν,

35 1733 178 1818 ἄποθεν,
219 1731 338 1798 etalio
365 1733 501 1798 lortasse
529 1731 751 1810 mendosiora,
787 1733 1028 1826 ἆπυθύοοομεν,
1064 1742 1125 1814 ias-

33 1833 239 1919 λασκόμεθα,
270 1831 433 1898 dudonem
455 1834 541 1920 (leg.
566 1831 751 1910 οἷπύοτασιν)
775 1834 917 1902 ἆπότισιν
929 1867 940 1917 ,·
971 1839 1126 1924 ἀποπρό·-

34 1961 111 2002 πεον
134 1935 337 2022 ἀπέστρεφον.
362 1971 404 1984 -
445 1934 520 1998 Nou
547 1934 654 1998 miuus
677 1939 693 1999 ὃ
716 1937 812 2000 finale
842 1949 996 2004 mutatum
1019 1942 1123 2006 estin

34 2042 129 2125 δεῦρο
148 2059 208 2127 pro
232 2039 341 2121 δεῦρο,
364 2032 451 2124 quod
471 2033 643 2100 Aeolicum
665 2035 743 2100 dicit
761 2037 884 2102 Herod.
908 2064 940 2102 π.
959 2067 991 2122 μ.
1016 2049 1043 2106 λ.
1057 2023 1123 2126 26,

32 2139 86 2208 35.
110 2139 179 2206 vid.
203 2132 234 2224 ξ.
256 2138 319 2220 29,
342 2138 373 2203 3.

120 2239 317 2322 Omisimus,
358 2235 445 2326 quod
479 2259 497 2300 a
533 2236 748 2322 grammaticis
780 2232 951 2307 Aeolicum
992 2238 1122 2328 dieitur,

33 2365 219 2433 quanquam
254 2340 348 2406 etiam
379 2336 514 2425 reliquis
548 2337 692 2402 dialectis
726 2363 893 2408 commuue
925 2353 996 2428 est,
1036 2343 1122 2425 ἄγοι

35 2471 99 2532 ρος
122 2440 176 2530 ¹⁴).
222 2441 381 2508 Nolumus
401 2450 507 2514 taurea
527 2438 686 2503 Aeolihus
708 2439 910 2524 abjudicare,
933 2444 1018 2530 apud
1039 2469 1121 2534 quos

33 2544 130 2612 etiam
152 2542 288 2610 ulterius
309 2563 482 2632 progressa
503 2549 552 2604 est
571 2540 691 2604 vocalis
713 2540 749 2604 in
770 2545 829 2608 hac
852 2545 951 2632 stirpe
973 2556 1073 2610 mutat

34 2647 196 2736 siquidem
224 2655 309 2710 recte
332 2641 445 2708 Leslrii
472 2665 589 2704 nomeu
610 2641 836 2728 Μεγαλάνοφος
866 2669 883 2709 e
914 2645 1006 2709 codd.
1033 2571 1122 2710 Stri-

32 2749 131 2812 houis
151 2746 248 2812 Xlll.
272 2767 303 2832 p.
322 2742 384 2810 617
406 2767 463 2830 pro
484 2742 615 2829 vulgato
636 2745 863 2831 Μεγαλάγορος
883 2745 1009 2810 restitui
1026 2747 1122 2832 jubet

31 2848 228 2918 Welclserus
251 2847 349 2927 (dalm
373 2843 454 2909 1830
474 2867 506 2930 p.
531 2843 606 2924 41),
630 2840 729 2929 ἀγορὰ
750 2855 856 2910 ῐεωοιι
879 2856 928 2911 est
951 2843 1044 2916 Carra.
1065 2846 1120 2912 45.

33 2989 73 3000 -
107 2948 212 3036 Saepe
235 2944 433 3038 grammatici
455 2945 514 3008 hae
542 2943 717 3012 mutatione
737 2945 873 3012 Aeolica
894 2948 934 3012 ad
956 2945 1121 3035 ineptissi·

32 3079 99 3118 ruas
122 3050 334 3138 etymologias
355 3058 489 3111 utuntur
511 3041 562 3130 ¹⁵).
1119 3119 1121 3126 y

117 3152 191 3218 dam
214 3151 242 3216 si
263 3149 410 3238 exempla
428 3147 542 3212 collate
563 3170 800 3236 comparamus,
815 3149 945 3222 ,Aeoles
966 3149 1082 3218 Asiani
1105 3175 1121 3218 ο

69 3479 110 3538 14)
145 3471 191 3530 m.
204 3467 260 3530 'on
278 3475 329 3541 aa,
347 3467 379 3542 6',
403 3477 447 3529 m.
467 3478 506 3530 Μ.
526 3474 595 3544 tro,-
612 3479 662 3542 4⁷,
689 3468 733 3529 'uc
752 3469 786 3528 G.
807 3479 838 3541 a,
856 3477 887 3540 9,
916 3475 986 3527 Anna
1005 3475 1060 3528 01.
1079 3471 1119 3543 Π,

31 3565 101 3630 399,
120 3565 154 3628 6,
181 3561 258 3616 Eua.
280 3563 363 3628 143⁰,
381 3563 416 3618 36
433 3572 484 3614 etc.

67 3660 112 3724 15)
148 3652 224 3708 Euso
250 3657 315 3721 631,
336 3657 379 3709 41.
407 3657 524 3722 Σίσυφον
549 3655 677 3708 derivans
701 3666 718 3706 a
740 3653 879 3708 Laconico
901 3650 969 3722 οιδε,
1002 3651 1119 3709 Aeolico

31 3737 113 3810 ον’φνν
137 3757 190 3812 pro
213 3739 358 3808 θεόοοφοε,
393 3757 453 3793 cum
477 3741 530 3794 hoc
552 3751 692 3810 comparat
712 3729 812 3808 ὄνομα,
840 3735 993 3811 decalescat,
1021 3737 1120 3812 ἄγυρις,

29 3821 204 3893 revelando,
226 3817 320 3880 donoc
337 3843 389 3896 pro
407 3815 515 3892 ἔπεισε,
541 3826 637 3880 eadem
654 3825 772 3880 nominis
788 3827 1042 3895 §tuereridicula
1059 3839 1121 3896 ety-

31 3916 155 3982 mologia
173 3911 277 3981 legitur
294 3930 322 3982 p.
342 3915 418 3978 1702,
430 3915 456 3980 2,
475 3913 611 3966 Οὴοοοοϋ.
631 3913 733 3980 orell,
752 3915 812 3980 260,
827 3915 873 3981 15,
892 3913 937 3967 Et.
948 3909 996 3966 m:
1008 3915 1067 3976 714,
1077 3915 1120 3978 30,

32 4004 76 4056 Et.
97 4001 133 4056 G.
154 4001 222 4065 501,
242 4002 267 4054 9.
314 3993 379 4052 Alia
404 3998 537 4064 eJusmodi
562 4008 625 4052 sunt
649 3993 719 4066 ὄψον
745 4015 782 4051 ex
809 3994 883 4052 ὅπτοο
902 3998 974 4068 apud
994 3998 1120 4063 Theogu.

30 4089 125 4144 sear.
145 4088 213 4142 uas
230 4101 268 4138 ex
285 4079 454 4152 Herodiano,
472 4072 598 4146 ,ἵππον
615 4101 651 4136 ex
669 4081 785 4155 φονου.
804 4085 932 4152 recogn..
951 4084 1006 4136 ox.
1019 4082 1057 4134 11.
1076 4083 1120 4148 sa,

29 4181 44 4229 7
63 4186 131 4239 ete,
150 4169 214 4242 γονή
234 4187 250 4223 e
268 4165 332 4238 γονὴ
351 4169 389 4222 id.
407 4174 454 4236 88,
472 4173 507 4226 26
526 4182 576 4226 ete
596 4179 647 4224 etc.

878 4265 917 4329 64
