2712 4820
373 253 405 348 o.
434 258 491 336 rs.
546 260 602 334 oe
627 269 650 332 ι
673 284 740 357 ρει
766 293 798 348 η.
908 204 912 212 ’
1078 259 1129 336 so

55 459 157 524 formis
188 467 220 522 et
251 456 405 524 derivatis
430 459 621 544 verborum,
652 485 788 551 quornm
822 457 919 550 stirps
949 460 983 526 in
1006 469 1026 523 ἃ
1047 459 1126 543 exit,

55 571 85 624 nt
103 563 211 636 στᾶέλι,
236 558 272 622 ὃς
295 559 354 641 28,
380 559 631 643 ἀμφιςβᾶτήμεια
652 569 683 642 (a
704 570 760 645 βα)
782 563 884 644 2166,
907 562 1067 644 φοιτάσεις
1089 561 1125 626 S.

55 663 89 727 69
99 708 109 743 ,
139 659 389 742 ὑπαδεδρόμακεο
410 661 446 728 S.
470 664 509 740 2,
538 663 577 728 11
609 663 665 743 (cf.
699 663 876 747 δρομάαοκε
896 665 978 728 Hes.
1001 665 1043 726 fr.
1066 661 1128 726 156

55 762 192 845 (iorni),
216 761 357 845 ἁγαπάτα
379 761 415 827 S.
432 762 474 828 77
497 773 570 842 cte,
593 763 736 853 deniqne
757 765 943 854 ubicunque
964 764 999 830 in
1020 763 1128 829 redico

56 865 158 930 desse
186 889 227 930 cx
248 863 323 928 aliis
345 863 587 930 inclinamentis
609 877 641 930 ct
662 866 813 934 derivatis
840 876 990 954 apparet,
1020 865 1127 954 qualia

55 977 122 1029 snnt
142 960 216 1040 α’ὃσς
236 989 296 1054 pro
317 965 405 1044 ηιλύς,
429 967 472 1030 ci.
497 967 591 1046 ἁδεῖν,
615 966 711 1047 λάθα,
735 967 922 1046 οῐιὲλαθοι,
943 965 1049 1042 otrico
1069 989 1128 1055 pro

54 1065 171 1146 πλήσσω
193 1069 240 1150 (ξ.
263 1067 303 1148 7,
325 1069 379 1150 2),
402 1069 444 1132 cf.
470 1065 613 1150 ἕπλάγην.

130 1167 249 1234 Contra
271 1168 291 1244 η
310 1177 434 1246 monet,
468 1167 526 1232 ubi
547 1193 587 1233 cx
607 1170 622 1233 ἒ
643 1182 753 1234 netum
774 1179 835 1234 cst.
880 1168 918 1232 ln
941 1192 1010 1234 cam
1033 1169 1127 1236 ratio·

56 1291 121 1336 nem
147 1281 232 1334 certo
263 1279 339 1334 sunt
367 1270 461 1334 talia:
494 1269 617 1352 ἁφάιης
646 1295 720 1358 gen.
746 1269 897 1352 ἀφάιεσς,
928 1251 1028 1351 ράτηρ
1052 1295 1125 1360 gen.

57 1370 191 1454 μάτιρος,
215 1369 343 1452 η’ράμαα
361 1369 401 1433 ab
424 1367 536 1452 ἔραμαι
543 1422 554 1450 ,
577 1371 704 1436 Aeristi
725 1383 757 1436 et
777 1371 804 1436 F
807 1381 899 1436 utura
919 1370 1070 1452 Possivi,
1092 1381 1128 1434 ut

57 1471 241 1550 ἐστάθησαν,
273 1467 536 1556 διαλυθήσονται,
565 1474 609 1536 cs.
634 1477 779 1549 σταθεὶς,
802 1471 1063 1558 Coojnnctivus,
1094 1480 1130 1536 nt

56 1574 167 1658 τελέση,
188 1573 328 1638 maximo
349 1572 476 1653 omnia,
493 1565 637 1662 vqnorum
659 1574 758 1661 stirps
779 1573 813 1636 in
834 1575 899 1638 fine
919 1573 934 1637 Ξ
956 1574 1071 1656 habet,
1095 1585 1129 1640 nt

58 1673 220 1750 οἰκήσοισι,
246 1676 371 1754 φίλημι,
396 1672 537 1754 φιλήσει,
561 1699 626 1762 qno
647 1675 808 1762 pertinere
830 1675 925 1740 etiarn
947 1674 1130 1757 βεβλημέναι
1212 1677 1215 1702 “

57 1773 121 1866 Alc.
149 1775 187 1853 7,
222 1799 263 1840 cx
289 1773 463 1840 Homerico
495 1777 597 1859 βλεῖο,
635 1775 848 1864 Epicharineo
878 1778 981 1858 βλελης
1008 1774 1128 1842 intelli·

59 1875 147 1962 gitur.
576 1950 581 1962 Ι

131 1979 162 2057 3)
196 1978 306 2042 Pence
329 1987 427 2057 sunt,
450 1994 533 2065 qnae
554 1987 664 2040 contro
686 1978 745 2040 has
766 1976 895 2064 regulos
916 1999 1062 2064 pugnare
1083 1975 1130 2042 viu

59 2076 190 2144 deantur.
236 2079 285 2144 lta
313 2103 331 2142 a
359 2077 507 2158 κτάομαι,
539 2073 676 2160 χρῖιομοιι
704 2076 888 2142 derivantur
916 2081 1014 2158 κτῆμα
1033 2077 1129 2154 2166,

57 2177 104 2261 29,
125 2183 232 2258 κτῆσις
255 2179 347 2244 Cum.
370 2180 424 2260 41,
446 2183 552 2262 χρῆμα
570 2179 667 2261 2166,
691 2177 745 2259 15,
765 2177 977 2261 χρηματισμὸς
995 2178 1127 2264 Lampe.

59 2279 104 2363 303
124 2291 155 2346 at
173 2281 209 2345 in
230 2281 284 2344 his
307 2278 467 2368 stirpibus
487 2279 582 2343 ctiam
605 2279 689 2366 opud
703 2278 811 2344 Dorcs
831 2282 852 2354 η
873 2290 987 2368 regnet
1008 2291 1040 2343 et
1054 2277 1131 2342 inde

59 2381 132 2466 apcrd
152 2381 294 2446 Boeotos
320 2381 368 2462 Ξῖ,
401 2378 467 2444 vid.
490 2380 633 2445 Boochh.
658 2379 696 2444 C.
720 2380 748 2444 Ι.
779 2405 813 2468 p.
836 2381 896 2446 721
926 2389 958 2444 et
985 2379 1070 2443 inire
1096 2373 1127 2466 ᾗ.

60 2481 110 2563 39,
131 2484 170 2568 2,
201 2493 235 2563 ct
255 2481 434 2570 antiquitus
455 2479 490 2550 in
512 2483 677 2548 radicibus
697 2485 712 2543 i
733 2480 853 2566 fuisse,
883 2481 1000 2544 docent
1026 2479 1129 2564 χρέος,

59 2585 153 2665 χρεία,
189 2584 298 2666 κτέαρ,
333 2582 421 2646 unde
452 2583 547 2650 etiem
572 2579 630 2666 χρὴ
658 2581 734 2644 ΑΙο.
765 2582 806 2648 49
833 2592 893 2646 etc.
917 2617 957 2630 -
1001 2578 1131 2644 Deinde

60 2696 135 2750 recto
156 2711 190 2752 so
210 2685 332 2750 habent
351 2681 472 2762 πλήρης
495 2683 529 2748 S.
554 2684 592 2768 6,
620 2681 730 2758 πλήθω
753 2682 789 2746 S.
813 2683 851 2764 3,
876 2680 905 2746 si
926 2682 1131 2746 conferamus

59 2787 140 2864 πλέος
167 2798 199 2854 ct
227 2785 343 2853 Latina
369 2784 541 2872 plenus,
574 2784 762 2871 implerc3
795 2806 855 2846 nec
876 2781 986 2848 minus
1007 2782 1042 2845 in
1063 2783 1131 2850 Do.

60 2886 130 2952 ricis
149 2888 256 2954 titulis
277 2887 468 2978 plerumque
488 2889 611 2962 πλῆθος
631 2884 770 2972 legitur,
802 2885 836 2950 in
859 2883 1013 2950 Boeotico
1035 2885 1130 2970 1569,

61 3011 86 3050 ο.
113 2991 173 3055 ΙΙΙ.
204 2991 343 3063 πλεῒθσς.
388 2987 508 3051 Contra
529 2990 651 3060 πλᾶθσς
679 2995 729 3049 est
759 2985 793 3048 in
817 2986 911 3050 Corin.
941 2986 1000 3069 41,
1033 2998 1070 3052 ut
1096 2988 1131 3052 in
1159 3058 1161 3064 s

62 3087 180 3156 Cretico
201 3091 239 3156 C.
263 3091 291 3155 Ι.
315 3115 365 3155 nr.
389 3089 491 3172 3048,
519 3087 607 3176 qnod
628 3087 868 3151 excusationem
890 3087 986 3153 habet
1007 3113 1132 3177 compa-

62 3201 121 3256 rato
147 3197 329 3275 πλμπλαμαι.
374 3189 497 3255 Eodem
524 3190 646 3253 vocalis
675 3187 868 3274 ambiguitas
898 3189 932 3252 in
961 3190 1132 3255 nonnuliis

62 3293 161 3358 vorbis
198 3293 351 3358 derivatis
386 3292 554 3378 reperitur.
601 3289 646 3354 Ut
681 3313 738 3380 pro
766 3291 892 3378 vulgari
922 3289 1008 3372 ὁράω
1036 3291 1133 3357 Iones

62 3391 171 3459 liabent
203 3396 280 3478 ὁρέω
309 3405 340 3458 ct
370 3393 446 3456 inde
474 3391 597 3455 Aeolcs
626 3391 738 3475 ὅρημι,
767 3389 811 3454 ita
839 3379 1002 3479 cduplici
1031 3393 1133 3460 forma

63 3497 151 3558 πτσέισ
179 3507 210 3561 ct
236 3494 341 3560 πτοᾶω
362 3494 486 3558 Aooles
507 3495 589 3556 hane
609 3493 850 3580 praetulerunt,
880 3494 966 3558 unde
989 3494 1135 3559 έπτόασει

64 3591 94 3657 S·
116 3597 152 3680 2,
182 3597 298 3665 deinde
325 3621 343 3661 a
370 3590 524 3678 ποτάομαι
551 3604 601 3658 cst
628 3594 851 3676 innonovanda
883 3593 919 3660 S.
942 3595 1002 3672 69,
1032 3621 1050 3660 e
1079 3623 1136 3662 πσ-

63 3696 159 3776 ιέσμαι
180 3711 285 3762 autem
306 3699 463 3763 ποτέονται
484 3695 559 3760 ΑΙο.
583 3694 642 3780 35,
669 3692 745 3780 πόση
773 3715 833 3784 pro
859 3691 992 3772 πότησαι
1022 3695 1057 3760 S.
1081 3697 1135 3778 26,

63 3797 208 3878 πστημεια
234 3799 373 3864 Theocr.
402 3798 463 3880 29,
495 3795 571 3878 39,
609 3795 749 3885 deniqne
784 3819 849 3862 non
877 3797 1032 3864 audemus
1066 3808 1135 3861 ten·

64 3904 124 3961 tare
152 3897 335 3974 ε’ξεπὸιαοαν
358 3898 392 3962 S.
418 3899 482 3979 49,
511 3894 672 3970 &entrare
699 3897 841 3962 The0c1·.
868 3898 929 3978 29,
957 3901 999 3966 24
1022 3893 1136 3985 (qllan-

66 4022 154 4082 qnonr
180 4001 234 4070 liic
263 4025 321 4064 sex
349 3998 515 4064 Gaisfordi
551 3997 680 4064 codices
708 3997 867 4075 ἐξεπόνησε
897 4000 950 4064 vel
982 4001 1140 4075 ἐξεποίησε

67 4098 213 4188 liabent),
241 4113 276 4172 ut
297 4101 380 4167 idem
402 4101 437 4168 in
459 4100 591 4170 Doricis
611 4097 799 4174 Theocriti,
823 4098 865 4181 7,
896 4100 934 4168 51
958 4109 990 4166 ct
1011 4101 1068 4185 15,
1096 4103 1142 4168 89
