2748 4832
361 292 400 366 in
426 293 650 369 universum.
703 295 735 388 §.
766 289 798 368 l.
1096 297 1121 372 3

51 496 192 582 Aetolos,
233 498 260 562 si
292 521 354 586 qua
382 498 464 564 fides
485 509 535 566 est
555 499 845 594 inscriptionibus,
883 523 949 567 non
981 501 1118 568 multum

50 598 191 666 aDoriea
214 599 352 664 dialecto
374 601 557 688 discrepare
580 598 661 688 (vid.
685 597 715 691 ἓ.
740 597 905 688 52-54).

118 702 155 778 2)
189 699 349 766 Strabone
383 701 551 788 repudiato
584 713 651 770 tres
680 704 900 770 tantummodo
930 705 1044 795 populi
1076 703 1117 770 ab
1166 765 1168 776 .

48 800 279 866 Heraclidarum
306 801 383 866 inde
411 802 517 886 reditu
548 813 580 868 et
601 802 723 870 Aeoles
745 813 901 870 vocantur
929 815 961 870 et
981 806 1118 873 Aeolica

48 900 169 967 dialecto
190 903 245 966 usi
266 902 437 985 dicuutur,
459 903 582 968 Aeoles
602 903 741 989 Asiani,
764 905 899 989 Boeoti,
922 907 1087 974 Thessali.

116 1003 155 1067 ln
183 1003 394 1070 Aeolihus
424 1003 605 1069 Asianis
633 1003 818 1070 firmissime
850 1005 954 1072 haesit
975 1008 1117 1074 Aeolum
1228 1039 1233 1059 ·

46 1125 173 1186 nonen,
196 1103 241 1168 ita
263 1116 298 1170 nt
318 1105 409 1170 utillo
431 1103 496 1169 alio
517 1106 764 1194 appellarentur.
810 1105 885 1188 Quo
907 1131 1007 1196 quum
1028 1134 1117 1174 acce·

47 1204 123 1270 deret
141 1215 322 1294 praeterea,
353 1206 441 1296 quod
468 1207 583 1270 horum
607 1206 763 1271 dialectos
784 1229 802 1271 ε
823 1207 1020 1272 Lesbiorum
1039 1217 1116 1297 poti·

46 1313 134 1370 taram
167 1307 367 1371 carminibus
397 1305 504 1372 notior
532 1315 600 1371 erat
630 1307 765 1390 ceteris,
808 1331 874 1372 non
902 1308 1020 1373 mirum
1038 1321 1115 1389 est,

46 1407 202 1497 antiquos,
233 1409 292 1473 uhi
320 1409 442 1473 Aeoles
470 1405 705 1497 Aeolicamqne
734 1408 905 1474 dialectum
934 1410 1115 1491 nominant,

45 1507 101 1572 iere
122 1533 249 1598 semper
269 1508 413 1574 Asianos
434 1505 558 1573 Aeoles
581 1508 776 1597 significare.
822 1511 917 1575 Patet
939 1535 1014 1576 vero
1036 1513 1116 1578 haee

46 1611 311 1694 granimaticorum
332 1608 532 1674 consuetudo
555 1609 643 1689 inde,
666 1610 754 1698 quod
762 1610 918 1700 Alcaeum
940 1622 971 1674 et
986 1610 1116 1700 Sappho
1214 1643 1240 1668 r«

44 1711 185 1777 Aeolieae
207 1710 337 1776 dialecti
359 1719 506 1774 auctores
527 1710 646 1774 hahere
665 1711 789 1787 solent,
813 1721 845 1776 et
866 1712 952 1800 quod
974 1735 1056 1800 qnae
1076 1737 1117 1779 en
1206 1747 1211 1764 =

44 1810 91 1876 illa
118 1815 266 1896 tradunt,
303 1835 468 1899 nunquam
496 1811 564 1875 lere
587 1835 653 1875 non
675 1811 862 1898 conspirant
884 1833 954 1876 curn
977 1813 1115 1879 Lesbio·
1190 1799 1194 1808 ⁸

43 1936 103 1975 rum
124 1920 289 2002 poetarum
311 1924 343 1978 et
362 1913 528 1978 titulorum
549 1912 686 2001 lingua,
711 1912 806 1975 simul
830 1936 846 1974 a
869 1912 1062 1978 Boeotorum
1084 1925 1116 1980 et

44 2013 264 2080 Thessalorum
298 1995 446 2078 dialectis
475 2012 559 2076 haud
588 2011 655 2076 levi
690 2010 877 2074 discrimine
911 2011 1042 2077 distant.
1072 2049 1115 2064 -

44 2113 181 2180 lloeoti
215 2139 281 2180 non
301 2115 431 2190 miultis,
466 2112 525 2178 sed
556 2110 748 2177 certissimis
775 2111 972 2177 testimoniis
993 2113 1115 2178 Aeoles

43 2228 185 2282 vocantur
199 2222 252 2298 ⁷),
286 2227 318 2282 et
339 2216 518 2296 interdum,
546 2237 623 2284 ‚raro
643 2223 768 2295 tamen,
804 2213 1023 2301 grammatici,
1057 2215 1115 2303 qni

42 2317 218 2408 plerumque
239 2317 424 2382 Boeoticam
453 2315 625 2379 dialectum
655 2337 713 2378 suo
742 2313 874 2378 nomine
896 2313 1113 2402 distinguunt,

43 2417 166 2512 Aeolica
187 2430 322 2498 vocant,
345 2441 426 2506 quae
449 2416 628 2481 certissime
649 2425 703 2478 ant
723 2437 839 2502 magna
861 2437 933 2479 cum
951 2416 1021 2479 veri
1043 2439 1114 2502 spe·

44 2519 85 2584 cie
105 2520 258 2586 Boeotica
279 2519 425 2584 habenda
449 2518 584 2596 suaet).
646 2515 912 2581 Thessaliam
940 2515 1019 2580 olim
1045 2517 1114 2582 fere

43 2621 214 2686 universam
245 2621 385 2686 Aeolum
417 2617 538 2700 fuisse,
577 2615 721 2705 antiquis
761 2627 883 2680 certum
912 2611 1007 2698 erat,
1040 2615 1114 2710 ¹qui

44 2719 135 2807 ipsam
156 2733 271 2787 terram
288 2719 439 2792 Aeolidis
461 2743 579 2784 nornen
601 2717 754 2782 hahuisse
775 2717 905 2780 tradunt
919 2714 959 2801 ⁹).
1005 2716 1114 2780 Etiam

44 2821 204 2906 Thessali,
238 2822 294 2912 qui
315 2847 333 2887 ε
354 2819 549 2907 Thesprotia
568 2819 729 2884 irruentes
750 2815 893 2902 antiquis
921 2813 1040 2878 incolis
1062 2815 1114 2878 vel

43 2923 249 3013 expulsis'vel
272 2920 426 3008 snhjectis
446 2929 548 2984 terrae
569 2941 588 2981 a
609 2939 644 2981 se
666 2939 783 2980 nomen
804 2913 970 2998 indidere,
1002 2914 1114 2981 Aeoli·

69 3253 94 3314 a)
127 3249 255 3320 Thucyd.
275 3235 345 3316 vn,
363 3252 405 3304 57.
432 3249 467 3302 cr.
486 3247 545 3314 111,
562 3249 592 3316 Ι,
616 3243 710 3316 sapa.
730 3245 763 3298 a.
781 3259 802 3298 s.
821 3259 845 3298 v.
872 3224 1018 3298 ‘roseta
1040 3260 1063 3302 s.
1087 3261 1113 3296 v.

40 3334 119 3390 Xalta
136 3355 151 3390 e
168 3337 365 3405 Theopomp03
383 3335 498 3388 Pausan.
517 3335 556 3400 X,
574 3333 666 3399 8;1d.
685 3333 743 3398 IX,
762 3333 810 3398 22,
829 3335 846 3386 3
864 3330 1022 3397 Corinnam,
1041 3347 1113 3397 quae

41 3419 163 3476 Boeotico
185 3422 303 3475 dialecto
326 3438 374 3474 usa
396 3431 452 3486 est,
483 3419 616 3472 cecinisse
641 3418 726 3485 dicit,
753 3412 835 3470 dueta
858 3415 979 3485 συνήσειν
1004 3416 1115 3486 ἔμελλον

40 3503 149 3575 :limiae
173 3508 247 3560 Plut.
267 3507 299 3562 0.
316 3507 414 3577 Symp.
433 3505 491 3571 vl,
511 3510 534 3559 7.
554 3522 580 3574 p.
598 3506 665 3570 694,
682 3505 726 3570 A,
744 3502 792 3556 ubi
809 3501 976 3558 Plutarchus
991 3505 1115 3558 Boeotus

40 3589 100 3659 naez'p
123 3613 243 3664 ημιιν
205 3591 305 3650 Alicio
305 3613 363 3660 σν,
389 3592 431 3645 ld.
457 3591 566 3645 (tuaest.
586 3590 635 3642 Gr.
663 3605 691 3658 p.
709 3591 767 3643 292.
792 3593 909 3642 Βοιωτοὶ
931 3583 1115 3654 Αἰολίζοντεες

37 3674 132 3734 Scholl.
151 3679 234 3734 Pind.
253 3681 297 3734 Ol.
316 3680 349 3746 Ι,
369 3680 418 3734 162
435 3655 565 3746 ethth.
583 3677 628 3742 11,
648 3676 706 3728 127.

66 3826 91 3888 9)
126 3825 183 3878 Res
201 3823 352 3876 certissima
369 3822 397 3875 in
414 3819 505 3876 Prisc.
525 3819 548 3874 1.
567 3837 593 3890 p.
609 3821 651 3874 35.
671 3817 727 3871 vid.
746 3821 769 3886 t.
787 3811 822 3874 98
840 3827 896 3875 not.
914 3780 947 3888 d3
964 3819 1020 3874 alia
1039 3819 1121 3884 uide-=

38 3905 119 3964 binus
136 3915 159 3979 ἓ.
176 3913 210 3966 37
228 3919 284 3962 not.
305 3913 335 3975 l,
353 3909 375 3974 ᾗ.
393 3909 443 3976 49,
461 3917 516 3960 not.
534 3909 559 3960 5.
575 3907 608 3972 ¹9,
625 3906 647 3974 t.
666 3907 713 3974 42,
733 3910 746 3960 1
767 3919 819 3960 etc.

65 4062 92 4126 9)
126 4059 232 4114 Herod.
250 4057 324 4122 VII,
347 4059 405 4111 176.
437 4054 562 4112 Θεσσαλοὶ
584 4046 672 4124 ἦλθον
692 4053 723 4108 ἐκ
748 4051 936 4132 Θεσπρωτῶν,
965 4047 1114 4116 οἰκήσοντες

36 4139 81 4207 aria
96 4145 146 4215 γῆν
160 4139 277 4201 Αἰολίδα
283 4182 292 4211 ,
308 4139 410 4214 τήνπερ
426 4140 474 4196 νῦν
490 4141 624 4198 ἐκτέαται.
649 4142 685 4194 εΙ.
703 4139 792 4194 Diod.
808 4140 862 4208 lv,
881 4141 924 4194 67.
943 4140 978 4194 68
995 4147 1046 4192 etc.

870 4230 909 4295 1*
