2712 4820
81 309 112 405 ἓ.
125 277 196 393 24.
247 320 303 391 De
325 318 588 420 conjugationis
615 321 754 396 ratione
779 326 979 400 communi.
1033 303 1115 406 129'

38 513 194 581 verboram
212 516 248 580 in
268 515 324 600 Ῑιῖ,
352 541 434 608 quae
455 519 554 608 vulgo
576 517 710 606 dieunt,
740 523 834 588 etiam
863 546 975 590 omnes
996 525 1106 593 aoriati

37 613 58 676 l.
80 627 108 679 et
128 618 171 681 ll.
193 619 331 706 passivi,
360 645 421 685 nec
443 621 552 686 minus
574 623 667 716 molti
688 624 799 688 aon-isti
820 625 864 689 ll.
889 649 918 689 a.
941 651 985 690 m.
1009 637 1106 694 utund

36 725 96 799 tur3
123 717 260 808 denique
281 721 483 786 monebimus
506 723 546 787 de
567 724 697 790 aer-istis
719 725 746 787 l.
768 750 795 788 a.
819 749 862 788 m.
887 722 919 790 et
938 729 1102 815 perfectis.

37 814 147 883 Eodem
182 821 348 888 brevitatis
388 824 494 889 studio
528 849 641 889 omnes
672 823 769 890 activi
809 827 928 891 formas
940 875 951 911 ‚
988 830 1106 893 additis

36 920 150 984 aoristis
170 923 199 986 l.
221 924 265 988 ll.
290 947 397 1014 pass„
431 925 491 989 Ob
496 925 651 1010 jectivi
683 925 814 990 nomine
837 927 1106 1014 significabimus,

36 1016 259 1107 Subjectivi
296 1041 407 1092 contra
442 1027 587 1114 reliquas
627 1027 793 1095 medii-et,
820 1028 942 1114 passivi
973 1031 1106 1096 formae.

37 1117 93 1186 Car
110 1127 186 1190 haee
210 1128 452 1208 novaverimus,
475 1127 598 1194 videsis
620 1127 882 1194 dissertationem
901 1139 1045 1196 nostram
1067 1131 1107 1198 de

34 1225 149 1315 conjug.
171 1224 305 1316 ἰιιῇἶὲ.
330 1233 359 1296 1.
431 1250 434 1262 ·

107 1327 140 1417 2)
168 1331 442 1420 Augmentum
468 1332 554 1420 apud
580 1337 693 1419 po‘etas
724 1333 809 1396 haud
836 1355 908 1401 raro
930 1332 1104 1403 omittitura

35 1426 100 1493 Alc.
123 1433 163 1499 12
184 1433 342 1518 κάτθανε,
364 1433 407 1500 92
429 1431 531 1510 odore,
565 1431 686 1522 Sapph.
709 1433 750 1498 16
772 1437 898 1516 φαίνει,
928 1435 971 1503 26
1002 1461 1019 1501 e
1048 1462 1108 1503 no-

34 1537 88 1593 stra
108 1535 329 1600 emendatione
348 1535 485 1612 δικαίως,
508 1536 550 1599 32
571 1559 612 1600 ex
633 1535 856 1602 emendatione
879 1540 952 1616 ἔνῑεν,
975 1539 1017 1604 46
1039 1539 1109 1624 ἔχον

35 1641 61 1693 et
74 1656 89 1696 e
102 1647 209 1704 nostra
225 1634 449 1702 emendatione
465 1635 578 1719 ἄραντο
594 1635 697 1724 prima
711 1638 816 1721 brevi,
839 1649 874 1702 ot
890 1639 931 1705 50
942 1639 1023 1725 deco
1043 1652 1106 1705 etc.

106 1731 138 1822 3)
169 1739 191 1802 2
218 1761 327 1826 pers.
342 1735 466 1828 ‚einp
498 1737 704 1822 objectivi
736 1739 877 1827 quodin
900 1741 1108 1825 conjunctivo

33 1835 108 1920 apud
127 1837 307 1905 Homerum
330 1859 425 1924 saepe
447 1835 665 1924 syllabam'd}
687 1839 826 1904 additam
848 1840 963 1922 habet,
1004 1867 1107 1927 gram·

31 1937 128 2001 matiei
149 1963 190 2004 ex
210 1939 349 2005 Aeolica
371 1937 507 2003 dialecto
528 1953 678 2029 repetunt
694 1937 749 2024 ¹),
783 1965 855 2005 raro
882 1941 964 2005 alios
993 1943 1108 2008 modos

31 2052 280 2106 commemorant.
347 2043 392 2108 Et
422 2041 580 2129 reperitur
611 2041 708 2126 hujus
738 2040 976 2130 terminationis
1006 2041 1109 2105 rarior
1210 2125 1213 2130 Ι

30 2161 100 2206 usna
121 2143 206 2232 apud
227 2142 372 2208 Aeolesa
403 2143 531 2226 ι”χιισθω
561 2152 593 2206 et
614 2146 762 2224 φίλεισθα
791 2141 827 2208 S.
850 2143 911 2225 89,
948 2143 1108 2220 ἐθέλῃσθα

32 2230 141 2329 (potios
163 2239 347 2332 faltonae)
371 2245 510 2309 Theocr.
534 2243 596 2325 29,
618 2245 658 2326 4,
680 2247 853 2328 χαίροισθα
876 2242 911 2309 S.
933 2243 974 2309 54
995 2267 1013 2308 e
1034 2266 1107 2333 pro·

29 2339 120 2409 babili
142 2349 329 2434 conjectura
349 2371 408 2434 pro
429 2348 593 2431 χαίρουσα.
639 2345 835 2434 Plerumque
857 2356 969 2424 tamen,
986 2345 1087 2409 abest.

102 2441 136 2532 4)
168 2448 185 2511 1
215 2447 656 2536 pe1·s.plur.·object.,
690 2447 719 2510 si
741 2471 804 2535 qua
824 2445 907 2511 fides
929 2456 979 2511 est
998 2447 1107 2531 libris,

27 2542 71 2628 μῖν
92 2547 353 2614 terminationem
388 2547 545 2640 habehat,
582 2558 619 2612 ut
653 2549 740 2637 apud
771 2548 866 2611 lones
896 2559 932 2614 ,et
963 2545 1113 2629 Atticos,-

27 2649 164 2734 ιιωιᾙς,
195 2659 233 2714 ut
254 2649 339 2738 apud
359 2650 476 2714 Dor-es.
522 2649 693 2738 Leguntur
714 2648 801 2714 enim
823 2645 939 2714 Alc.7
968 2645 1106 2730 ἕσταμεν,

27 2750 62 2816 28
81 2753 304 2838 προκόψομεν,
335 2751 387 2818 32.
411 2752 452 2816 33
481 2753 611 2832 πίνωμεν
633 2760 665 2813 et
685 2750 828 2830 μένομεν,
858 2747 893 2812 S.
917 2749 958 2812 43
989 2750 1104 2828 θεῖμεν.

26 2849 137 2920 Dorica
160 2853 320 2919 dialectos
352 2852 435 2916 male
457 2851 613 2917 Aeolicae
639 2848 823 2916 intermixta
842 2849 971 2914 videtur
997 2849 1032 2911 in
1053 2849 1108 2912 rre'-
1165 2879 1169 2888 «

26 2959 107 3044 tepeo
127 2955 277 3022 Theoer..
294 2951 336 3020 29
344 3001 355 3032 ,
380 2953 439 3037 163
473 2949 571 3017 nimis
599 2952 639 3017 ab
654 2935 750 3015 ⁸omni
776 2958 867 3040 parte
889 2960 1038 3039 corrupta
1058 2963 1107 3016 est

24 3052 176 3144 llesyelrii
200 3055 310 3145 glossa
332 3051 522 3138 ἇγνήκαμις,
545 3053 737 3136 ἡγνοήκαμεν
758 3047 893 3126 Αἰολεῖς.

100 3155 134 3244 5)
160 3159 180 3223 3
204 3177 312 3246 pers.
336 3153 442 3244 plur.
465 3162 691 3242 temporam
712 3148 1002 3243 primariorum
1022 3151 1103 3216 ind.

23 3253 93 3345 obj
119 3259 189 3325 exit
213 3256 248 3322 in
270 3253 329 3338 ἷξῖ,
351 3256 396 3320 ita
417 3265 452 3319 ut
472 3254 562 3343 prius
586 3257 598 3316 i
620 3280 694 3320 eom
716 3254 924 3322 antecedente
945 3251 1049 3320 vocali
1070 3255 1106 3318 in

24 3357 255 3449 diphthongum
276 3360 452 3439 coalescat,
484 3369 518 3422 ut
540 3359 647 3440 φαῖσι,
679 3363 770 3433 ἴωσι,
800 3355 961 3440 epdomada
968 3403 980 3435 ,
1018 3353 1109 3442 eiad-⁸

24 3561 285 3580 —--......-.---—-—-·
889 3556 891 3566 ¹
1102 3553 1110 3583 δ’

51 3707 76 3771 Ι)
111 3703 140 3760 J.
160 3702 213 3758 Gr.
232 3701 299 3771 243,
318 3699 344 3756 b.
364 3695 563 3769 adapertione
579 3681 686 3770 ιῆιῖἆ
703 3681 833 3768 ovilessn‘c
851 3695 896 3752 ἐπὶ
920 3693 976 3754 wia
1001 3670 1105 3772 duneaf-

12 3790 112 3852 ιιιτιιιιῖν
134 3787 269 3862 ῥημάτων
286 3785 406 3843 Αἰολέων
428 3784 506 3850 εἰσιν,
533 3783 590 3840 οἷον
608 3788 685 3858 εἴπῃς
710 3787 847 3858 altipeta,
874 3778 951 3858 ιῦὃῃι
974 3781 1103 3857 εὕδῃσθα,

17 3877 47 3928 ct.
70 3878 162 3946 Greg.
192 3871 224 3928 0.
250 3875 317 3941 581,
344 3869 459 3925 Meerm.
486 3869 551 3938 666,
580 3872 649 3938 Aug.
676 3873 741 3939 670,
767 3865 857 3926 Valle.
876 3874 934 3926 696.
957 3901 984 3911 -
1024 3877 1103 3924 Auel.

16 3979 71 4030 περ,
88 3960 155 4030 ‘Ope
176 3955 246 4015 deal.
264 3963 324 4014 478.
343 3957 487 4011 Aeolicum
507 3955 575 4009 dicit
590 3949 622 4009 τό
640 3955 817 4026 προστιθέναι
833 3953 872 4026 eq'i
889 3952 1002 4026 δευτέρῳ
1019 3951 1105 4024 προι-

14 4061 74 4133 νῖπιρ
91 4062 148 4120 τῶν
167 4059 300 4134 ῥημάτων
316 4056 347 4118 ιδ
365 4045 421 4148 533
437 4053 472 4114 aia
488 4057 519 4114 τὸ
537 4055 645 4127 ἔφησθα
662 4067 707 4116 καὶ
721 4053 849 4132 εὕδῃσθα.
878 4135 881 4140 Ι

878 4151 899 4218 9
