<?xml version="1.0" encoding="UTF-8"?>
<!DOCTYPE html PUBLIC "-//W3C//DTD XHTML 1.0 Transitional//EN"
    "http://www.w3.org/TR/xhtml1/DTD/xhtml1-transitional.dtd">
<html xmlns="http://www.w3.org/1999/xhtml" xml:lang="en" lang="en">
 <head>
  <title>
</title>
<meta http-equiv="Content-Type" content="text/html;charset=utf-8" />
  <meta name='ocr-system' content='tesseract 3.04.00' />
  <meta name='ocr-capabilities' content='ocr_page ocr_carea ocr_par ocr_line ocrx_word'/>
</head>
<body>
  <div class='ocr_page' id='page_1' title='image "./degraccaelingua00ahregoog_0069.png"; bbox 0 0 2748 4832; ppageno 0'>
   <div class='ocr_carea' id='block_1_1' title="bbox 246 299 1115 382">
    <p class='ocr_par' dir='ltr' id='par_1_1' title="bbox 246 299 1115 382">
     <span class='ocr_line' id='line_1_1' title="bbox 246 299 1115 382; baseline -0.002 -2"><span class='ocrx_word' id='word_1_1' title='bbox 246 299 298 380; x_wconf 79' lang='grc'><strong>,48</strong></span> <span class='ocrx_word' id='word_1_2' title='bbox 445 303 501 382; x_wconf 89' lang='lat' dir='ltr'><strong>Dc</strong></span> <span class='ocrx_word' id='word_1_3' title='bbox 527 299 677 380; x_wconf 79' lang='lat' dir='ltr'><strong>dialecto</strong></span> <span class='ocrx_word' id='word_1_4' title='bbox 702 299 858 378; x_wconf 84' lang='lat' dir='ltr'><strong>Aeolum</strong></span> <span class='ocrx_word' id='word_1_5' title='bbox 883 300 1115 378; x_wconf 82' lang='lat' dir='ltr'><strong>Asianorum.</strong></span> 
     </span>
    </p>
   </div>
   <div class='ocr_carea' id='block_1_2' title="bbox 197 501 1356 3424">
    <p class='ocr_par' dir='ltr' id='par_1_2' title="bbox 197 501 1356 3424">
     <span class='ocr_line' id='line_1_2' title="bbox 246 501 1316 594; baseline -0.007 -18"><span class='ocrx_word' id='word_1_6' title='bbox 246 507 364 577; x_wconf 90' lang='lat' dir='ltr'><strong>initiali</strong></span> <span class='ocrx_word' id='word_1_7' title='bbox 395 529 434 573; x_wconf 89' lang='lat' dir='ltr'><strong>co</strong></span> <span class='ocrx_word' id='word_1_8' title='bbox 463 503 572 570; x_wconf 89' lang='lat' dir='ltr'><strong>minus</strong></span> <span class='ocrx_word' id='word_1_9' title='bbox 601 501 815 594; x_wconf 72' lang='lat' dir='ltr'>grammaticis</span> <span class='ocrx_word' id='word_1_10' title='bbox 844 513 877 568; x_wconf 89' lang='lat' dir='ltr'><strong>ct</strong></span> <span class='ocrx_word' id='word_1_11' title='bbox 907 501 1111 586; x_wconf 85' lang='lat' dir='ltr'><strong>Melinnoni,</strong></span> <span class='ocrx_word' id='word_1_12' title='bbox 1151 504 1316 570; x_wconf 76' lang='lat' dir='ltr'>recentiori</span> 
     </span>
     <span class='ocr_line' id='line_1_3' title="bbox 243 603 1316 704; baseline -0.007 -27"><span class='ocrx_word' id='word_1_13' title='bbox 243 609 405 704; x_wconf 82' lang='lat' dir='ltr'><strong>po&#39;etriae,</strong></span> <span class='ocrx_word' id='word_1_14' title='bbox 427 603 653 671; x_wconf 88' lang='lat' dir='ltr'><strong>conlidendum</strong></span> <span class='ocrx_word' id='word_1_15' title='bbox 674 603 828 683; x_wconf 78' lang='lat' dir='ltr'>arbitror,</span> <span class='ocrx_word' id='word_1_16' title='bbox 861 604 947 692; x_wconf 89' lang='lat' dir='ltr'><strong>quod</strong></span> <span class='ocrx_word' id='word_1_17' title='bbox 970 627 1011 670; x_wconf 91' lang='lat' dir='ltr'><strong>nc</strong></span> <span class='ocrx_word' id='word_1_18' title='bbox 1032 605 1171 670; x_wconf 80' lang='lat' dir='ltr'><strong>Alcman</strong></span> <span class='ocrx_word' id='word_1_19' title='bbox 1193 606 1316 694; x_wconf 86' lang='lat' dir='ltr'><strong>quidem</strong></span> 
     </span>
     <span class='ocr_line' id='line_1_4' title="bbox 244 703 1315 795; baseline -0.009 -15"><span class='ocrx_word' id='word_1_20' title='bbox 244 725 277 780; x_wconf 89' lang='lat' dir='ltr'><strong>ct</strong></span> <span class='ocrx_word' id='word_1_21' title='bbox 298 707 507 787; x_wconf 78' lang='lat' dir='ltr'><strong>Theocritus,</strong></span> <span class='ocrx_word' id='word_1_22' title='bbox 529 703 772 795; x_wconf 83' lang='lat' dir='ltr'><strong>quosAeolico,</strong></span> <span class='ocrx_word' id='word_1_23' title='bbox 794 728 861 768; x_wconf 88' lang='lat' dir='ltr'><strong>nou</strong></span> <span class='ocrx_word' id='word_1_24' title='bbox 883 704 1005 768; x_wconf 87' lang='lat' dir='ltr'><strong>Dorico</strong></span> <span class='ocrx_word' id='word_1_25' title='bbox 1027 729 1115 770; x_wconf 85' lang='lat' dir='ltr'><strong>ruore</strong></span> <span class='ocrx_word' id='word_1_26' title='bbox 1136 705 1221 775; x_wconf 60' lang='lat' dir='ltr'><strong>{din</strong></span> <span class='ocrx_word' id='word_1_27' title='bbox 1244 708 1315 771; x_wconf 76' lang='lat' dir='ltr'><strong>ntul-</strong></span> 
     </span>
     <span class='ocr_line' id='line_1_5' title="bbox 242 803 1315 902; baseline -0.007 -23"><span class='ocrx_word' id='word_1_28' title='bbox 242 815 286 879; x_wconf 91' lang='lat' dir='ltr'><strong>tis</strong></span> <span class='ocrx_word' id='word_1_29' title='bbox 308 836 367 902; x_wconf 89' lang='lat' dir='ltr'><strong>pro</strong></span> <span class='ocrx_word' id='word_1_30' title='bbox 384 808 536 890; x_wconf 61' lang='lat' dir='ltr'><strong>{babere</strong></span> <span class='ocrx_word' id='word_1_31' title='bbox 557 805 620 870; x_wconf 89' lang='lat' dir='ltr'><strong>alio</strong></span> <span class='ocrx_word' id='word_1_32' title='bbox 641 815 783 892; x_wconf 85' lang='lat' dir='ltr'><strong>tempore</strong></span> <span class='ocrx_word' id='word_1_33' title='bbox 805 803 1015 886; x_wconf 81' lang='lat' dir='ltr'><strong>docebimus,</strong></span> <span class='ocrx_word' id='word_1_34' title='bbox 1035 808 1055 886; x_wconf 76' lang='grc' dir='ltr'>ξ</span> <span class='ocrx_word' id='word_1_35' title='bbox 1074 809 1200 873; x_wconf 89' lang='lat' dir='ltr'><strong>initiale</strong></span> <span class='ocrx_word' id='word_1_36' title='bbox 1221 819 1315 872; x_wconf 90' lang='lat' dir='ltr'><strong>muta-</strong></span> 
     </span>
     <span class='ocr_line' id='line_1_6' title="bbox 243 904 1315 1000; baseline -0.009 -19"><span class='ocrx_word' id='word_1_37' title='bbox 243 925 320 982; x_wconf 83' lang='lat' dir='ltr'><strong>runt</strong></span> <span class='ocrx_word' id='word_1_38' title='bbox 350 923 382 978; x_wconf 93' lang='lat' dir='ltr'><strong>et</strong></span> <span class='ocrx_word' id='word_1_39' title='bbox 409 909 537 1000; x_wconf 59' lang='lat' dir='ltr'><strong>qnod?</strong></span> <span class='ocrx_word' id='word_1_40' title='bbox 558 908 594 972; x_wconf 91' lang='lat' dir='ltr'><strong>in</strong></span> <span class='ocrx_word' id='word_1_41' title='bbox 626 905 704 981; x_wconf 72' lang='grc' dir='ltr'><strong>Ζεὺς</strong></span> <span class='ocrx_word' id='word_1_42' title='bbox 725 916 757 976; x_wconf 84' lang='lat' dir='ltr'><strong>ct</strong></span> <span class='ocrx_word' id='word_1_43' title='bbox 779 904 867 988; x_wconf 76' lang='grc' dir='ltr'><em>ζυγός</em></span> <span class='ocrx_word' id='word_1_44' title='bbox 898 929 965 971; x_wconf 92' lang='lat' dir='ltr'><strong>non</strong></span> <span class='ocrx_word' id='word_1_45' title='bbox 992 907 1102 973; x_wconf 90' lang='lat' dir='ltr'><strong>minus</strong></span> <span class='ocrx_word' id='word_1_46' title='bbox 1124 933 1141 974; x_wconf 91' lang='lat' dir='ltr'><strong>c</strong></span> <span class='ocrx_word' id='word_1_47' title='bbox 1160 907 1315 978; x_wconf 59' lang='lat' dir='ltr'><strong>&#39;dinatum</strong></span> 
     </span>
     <span class='ocr_line' id='line_1_7' title="bbox 242 991 1312 1105; baseline -0.01 -24"><span class='ocrx_word' id='word_1_48' title='bbox 242 1027 311 1098; x_wconf 89' lang='lat' dir='ltr'><strong>cst,</strong></span> <span class='ocrx_word' id='word_1_49' title='bbox 340 1037 437 1105; x_wconf 85' lang='lat' dir='ltr'><strong>qnam</strong></span> <span class='ocrx_word' id='word_1_50' title='bbox 465 1012 499 1076; x_wconf 93' lang='lat' dir='ltr'><strong>in</strong></span> <span class='ocrx_word' id='word_1_51' title='bbox 522 1009 561 1087; x_wconf 79' lang='grc' dir='ltr'><strong><em>ζᾶ</em></strong></span> <span class='ocrx_word' id='word_1_52' title='bbox 582 1020 644 1074; x_wconf 90' lang='lat' dir='ltr'><strong>cte.</strong></span> <span class='ocrx_word' id='word_1_53' title='bbox 683 1007 770 1088; x_wconf 83' lang='lat' dir='ltr'><strong>(vid.</strong></span> <span class='ocrx_word' id='word_1_54' title='bbox 795 1007 948 1096; x_wconf 73' lang='lat' dir='ltr'><strong>Hartung</strong></span> <span class='ocrx_word' id='word_1_55' title='bbox 967 991 1090 1074; x_wconf 73' lang='lat' dir='ltr'><strong>Partils.</strong></span> <span class='ocrx_word' id='word_1_56' title='bbox 1113 1013 1143 1074; x_wconf 87' lang='lat'><strong>1.</strong></span> <span class='ocrx_word' id='word_1_57' title='bbox 1171 1033 1204 1094; x_wconf 84' lang='lat' dir='ltr'><strong>p.</strong></span> <span class='ocrx_word' id='word_1_58' title='bbox 1225 1011 1312 1085; x_wconf 84' lang='grc'>353).</span> 
     </span>
     <span class='ocr_line' id='line_1_8' title="bbox 242 1106 1315 1198; baseline -0.007 -15"><span class='ocrx_word' id='word_1_59' title='bbox 242 1115 414 1196; x_wconf 66' lang='lat' dir='ltr'><strong>Deinde}</strong></span> <span class='ocrx_word' id='word_1_60' title='bbox 437 1122 596 1180; x_wconf 85' lang='lat' dir='ltr'><strong>servatum</strong></span> <span class='ocrx_word' id='word_1_61' title='bbox 626 1119 695 1191; x_wconf 90' lang='lat' dir='ltr'><strong>cst,</strong></span> <span class='ocrx_word' id='word_1_62' title='bbox 725 1107 791 1172; x_wconf 90' lang='lat' dir='ltr'><strong>nisi</strong></span> <span class='ocrx_word' id='word_1_63' title='bbox 820 1109 936 1186; x_wconf 84' lang='lat' dir='ltr'><strong>fallor,</strong></span> <span class='ocrx_word' id='word_1_64' title='bbox 967 1110 1156 1198; x_wconf 89' lang='lat' dir='ltr'><strong>ubicunqne</strong></span> <span class='ocrx_word' id='word_1_65' title='bbox 1177 1135 1244 1174; x_wconf 90' lang='lat' dir='ltr'><strong>nou</strong></span> <span class='ocrx_word' id='word_1_66' title='bbox 1264 1106 1315 1178; x_wconf 78' lang='lat' dir='ltr'><strong>et</strong></span> 
     </span>
     <span class='ocr_line' id='line_1_9' title="bbox 242 1209 1313 1300; baseline -0.008 -15"><span class='ocrx_word' id='word_1_67' title='bbox 242 1230 346 1286; x_wconf 88' lang='lat' dir='ltr'><strong>ortum</strong></span> <span class='ocrx_word' id='word_1_68' title='bbox 368 1226 457 1298; x_wconf 89' lang='lat' dir='ltr'><strong>erat,</strong></span> <span class='ocrx_word' id='word_1_69' title='bbox 490 1223 527 1277; x_wconf 93' lang='lat' dir='ltr'><strong>nt</strong></span> <span class='ocrx_word' id='word_1_70' title='bbox 547 1214 656 1292; x_wconf 79' lang='grc' dir='ltr'><strong><em>μείζων</em></strong></span> <span class='ocrx_word' id='word_1_71' title='bbox 679 1233 697 1273; x_wconf 88' lang='lat' dir='ltr'><strong>c</strong></span> <span class='ocrx_word' id='word_1_72' title='bbox 718 1211 826 1290; x_wconf 73' lang='grc' dir='ltr'><em>μεγίων</em></span> <span class='ocrx_word' id='word_1_73' title='bbox 846 1233 910 1274; x_wconf 91' lang='lat' dir='ltr'><strong>non</strong></span> <span class='ocrx_word' id='word_1_74' title='bbox 932 1209 1041 1276; x_wconf 90' lang='lat' dir='ltr'><strong>minus</strong></span> <span class='ocrx_word' id='word_1_75' title='bbox 1062 1235 1158 1300; x_wconf 91' lang='lat' dir='ltr'><strong>quam</strong></span> <span class='ocrx_word' id='word_1_76' title='bbox 1178 1209 1313 1286; x_wconf 74' lang='grc' dir='ltr'><em>πλάζωα</em></span> 
     </span>
     <span class='ocr_line' id='line_1_10' title="bbox 240 1308 1312 1400; baseline -0.009 -14"><span class='ocrx_word' id='word_1_77' title='bbox 240 1319 348 1386; x_wconf 88' lang='lat' dir='ltr'><strong>radice</strong></span> <span class='ocrx_word' id='word_1_78' title='bbox 375 1326 462 1400; x_wconf 71' lang='lat' dir='ltr'><strong>saloy.</strong></span> <span class='ocrx_word' id='word_1_79' title='bbox 518 1313 639 1378; x_wconf 87' lang='lat' dir='ltr'><strong>Contra</strong></span> <span class='ocrx_word' id='word_1_80' title='bbox 666 1310 724 1374; x_wconf 91' lang='lat' dir='ltr'><strong>ubi</strong></span> <span class='ocrx_word' id='word_1_81' title='bbox 744 1308 779 1378; x_wconf 62' lang='lat' dir='ltr'><strong>u’t</strong></span> <span class='ocrx_word' id='word_1_82' title='bbox 800 1310 840 1374; x_wconf 88' lang='lat' dir='ltr'><strong>ab</strong></span> <span class='ocrx_word' id='word_1_83' title='bbox 873 1311 1000 1400; x_wconf 70' lang='lat' dir='ltr'><strong>origine</strong></span> <span class='ocrx_word' id='word_1_84' title='bbox 1028 1323 1114 1394; x_wconf 87' lang='lat' dir='ltr'><strong>erat,</strong></span> <span class='ocrx_word' id='word_1_85' title='bbox 1145 1322 1180 1376; x_wconf 90' lang='lat' dir='ltr'><strong>ut</strong></span> <span class='ocrx_word' id='word_1_86' title='bbox 1212 1312 1312 1389; x_wconf 74' lang='lat' dir='ltr'><strong>dudae,</strong></span> 
     </span>
     <span class='ocr_line' id='line_1_11' title="bbox 241 1411 1313 1502; baseline -0.004 -20"><span class='ocrx_word' id='word_1_87' title='bbox 241 1425 317 1488; x_wconf 80' lang='grc' dir='ltr'><em>ἵσδω</em></span> <span class='ocrx_word' id='word_1_88' title='bbox 332 1422 379 1502; x_wconf 85' lang='lat'><strong>⁵),</strong></span> <span class='ocrx_word' id='word_1_89' title='bbox 410 1415 504 1496; x_wconf 62' lang='lat' dir='ltr'><strong>ant}</strong></span> <span class='ocrx_word' id='word_1_90' title='bbox 521 1415 576 1481; x_wconf 60' lang='grc' dir='ltr'><strong>εἴ</strong></span> <span class='ocrx_word' id='word_1_91' title='bbox 597 1420 707 1474; x_wconf 90' lang='lat' dir='ltr'><strong>natum</strong></span> <span class='ocrx_word' id='word_1_92' title='bbox 728 1421 796 1492; x_wconf 86' lang='lat' dir='ltr'><strong>ast,</strong></span> <span class='ocrx_word' id='word_1_93' title='bbox 819 1421 854 1476; x_wconf 90' lang='lat' dir='ltr'><strong>ut</strong></span> <span class='ocrx_word' id='word_1_94' title='bbox 875 1411 910 1475; x_wconf 91' lang='lat' dir='ltr'><strong>in</strong></span> <span class='ocrx_word' id='word_1_95' title='bbox 932 1413 1061 1498; x_wconf 73' lang='grc' dir='ltr'><em>βρίσδα,</em></span> <span class='ocrx_word' id='word_1_96' title='bbox 1085 1414 1128 1476; x_wconf 79' lang='lat' dir='ltr'><strong>cf.</strong></span> <span class='ocrx_word' id='word_1_97' title='bbox 1151 1412 1263 1494; x_wconf 81' lang='lat' dir='ltr'><strong>radix,</strong></span> <span class='ocrx_word' id='word_1_98' title='bbox 1286 1423 1313 1478; x_wconf 90' lang='lat' dir='ltr'><strong>et</strong></span> 
     </span>
     <span class='ocr_line' id='line_1_12' title="bbox 239 1510 1312 1614; baseline -0.009 -27"><span class='ocrx_word' id='word_1_99' title='bbox 239 1523 406 1614; x_wconf 88' lang='lat' dir='ltr'><strong>plerisque</strong></span> <span class='ocrx_word' id='word_1_100' title='bbox 426 1517 536 1584; x_wconf 82' lang='lat' dir='ltr'><strong>verbis</strong></span> <span class='ocrx_word' id='word_1_101' title='bbox 564 1515 599 1579; x_wconf 91' lang='lat' dir='ltr'><strong>in</strong></span> <span class='ocrx_word' id='word_1_102' title='bbox 619 1513 680 1594; x_wconf 70' lang='grc' dir='ltr'><strong>ξῶ,</strong></span> <span class='ocrx_word' id='word_1_103' title='bbox 709 1512 795 1601; x_wconf 92' lang='lat' dir='ltr'><strong>apud</strong></span> <span class='ocrx_word' id='word_1_104' title='bbox 822 1511 1027 1600; x_wconf 79' lang='lat' dir='ltr'><strong>antiquiores</strong></span> <span class='ocrx_word' id='word_1_105' title='bbox 1048 1520 1160 1600; x_wconf 79' lang='lat' dir='ltr'><strong>potitus</strong></span> <span class='ocrx_word' id='word_1_106' title='bbox 1180 1510 1216 1582; x_wconf 74' lang='grc' dir='ltr'><strong>ἶδ</strong></span> <span class='ocrx_word' id='word_1_107' title='bbox 1239 1513 1312 1578; x_wconf 89' lang='lat' dir='ltr'><strong>scri-</strong></span> 
     </span>
     <span class='ocr_line' id='line_1_13' title="bbox 238 1613 1356 1713; baseline -0.008 -25"><span class='ocrx_word' id='word_1_108' title='bbox 238 1635 330 1713; x_wconf 88' lang='lat' dir='ltr'><strong>ptum</strong></span> <span class='ocrx_word' id='word_1_109' title='bbox 359 1620 464 1686; x_wconf 81' lang='lat' dir='ltr'><strong>fnisse</strong></span> <span class='ocrx_word' id='word_1_110' title='bbox 491 1618 637 1700; x_wconf 86' lang='lat' dir='ltr'><strong>videtur,</strong></span> <span class='ocrx_word' id='word_1_111' title='bbox 676 1615 763 1678; x_wconf 92' lang='lat' dir='ltr'><strong>unde</strong></span> <span class='ocrx_word' id='word_1_112' title='bbox 794 1637 861 1677; x_wconf 92' lang='lat' dir='ltr'><strong>non</strong></span> <span class='ocrx_word' id='word_1_113' title='bbox 894 1613 1111 1679; x_wconf 75' lang='lat' dir='ltr'><strong>dubitavimus</strong></span> <span class='ocrx_word' id='word_1_114' title='bbox 1143 1639 1217 1682; x_wconf 91' lang='lat' dir='ltr'><strong>cum</strong></span> <span class='ocrx_word' id='word_1_115' title='bbox 1244 1615 1311 1681; x_wconf 88' lang='lat' dir='ltr'><strong>aliis</strong></span> <span class='ocrx_word' id='word_1_116' title='bbox 1355 1631 1356 1636; x_wconf 76' lang='grc'>’</span> 
     </span>
     <span class='ocr_line' id='line_1_14' title="bbox 237 1715 1311 1804; baseline -0.007 -16"><span class='ocrx_word' id='word_1_117' title='bbox 237 1723 355 1790; x_wconf 70' lang='lat' dir='ltr'><strong>taddaeo</strong></span> <span class='ocrx_word' id='word_1_118' title='bbox 375 1732 408 1787; x_wconf 88' lang='lat' dir='ltr'><strong>et</strong></span> <span class='ocrx_word' id='word_1_119' title='bbox 427 1717 580 1799; x_wconf 80' lang='grc' dir='ltr'><strong><em>κωμάσδω</em></strong></span> <span class='ocrx_word' id='word_1_120' title='bbox 601 1715 781 1804; x_wconf 75' lang='lat' dir='ltr'><strong>corrigere,</strong></span> <span class='ocrx_word' id='word_1_121' title='bbox 809 1737 992 1803; x_wconf 81' lang='lat' dir='ltr'><strong>quanquam</strong></span> <span class='ocrx_word' id='word_1_122' title='bbox 1012 1716 1209 1781; x_wconf 87' lang='lat' dir='ltr'><strong>recentiores</strong></span> <span class='ocrx_word' id='word_1_123' title='bbox 1230 1716 1311 1782; x_wconf 88' lang='lat' dir='ltr'><strong>tituli</strong></span> 
     </span>
     <span class='ocr_line' id='line_1_15' title="bbox 237 1817 1356 1910; baseline -0.021 -20"><span class='ocrx_word' id='word_1_124' title='bbox 237 1849 281 1892; x_wconf 86' lang='lat' dir='ltr'><strong>ne</strong></span> <span class='ocrx_word' id='word_1_125' title='bbox 301 1826 337 1890; x_wconf 88' lang='lat' dir='ltr'><strong>in</strong></span> <span class='ocrx_word' id='word_1_126' title='bbox 357 1823 410 1888; x_wconf 89' lang='lat' dir='ltr'><strong>bis</strong></span> <span class='ocrx_word' id='word_1_127' title='bbox 433 1820 564 1910; x_wconf 88' lang='lat' dir='ltr'><strong>quidem</strong></span> <span class='ocrx_word' id='word_1_128' title='bbox 586 1817 651 1882; x_wconf 90' lang='lat' dir='ltr'><strong>sibi</strong></span> <span class='ocrx_word' id='word_1_129' title='bbox 672 1826 832 1881; x_wconf 82' lang='lat' dir='ltr'><strong>constant.</strong></span> <span class='ocrx_word' id='word_1_130' title='bbox 1355 1897 1356 1906; x_wconf 9' lang='grc' dir='ltr'>ἵ</span> 
     </span>
     <span class='ocr_line' id='line_1_16' title="bbox 322 1917 1308 2006; baseline -0.003 -16"><span class='ocrx_word' id='word_1_131' title='bbox 322 1925 471 1990; x_wconf 83' lang='lat' dir='ltr'><strong>Ceterum</strong></span> <span class='ocrx_word' id='word_1_132' title='bbox 491 1921 570 2001; x_wconf 66' lang='lat' dir='ltr'><strong>&#39;g‘in</strong></span> <span class='ocrx_word' id='word_1_133' title='bbox 592 1921 811 1998; x_wconf 64' lang='lat' dir='ltr'><strong>dmutatnm,</strong></span> <span class='ocrx_word' id='word_1_134' title='bbox 853 1917 940 2006; x_wconf 90' lang='lat' dir='ltr'><strong>qnod</strong></span> <span class='ocrx_word' id='word_1_135' title='bbox 966 1917 1127 1984; x_wconf 85' lang='lat' dir='ltr'><strong>interdum</strong></span> <span class='ocrx_word' id='word_1_136' title='bbox 1154 1919 1308 1987; x_wconf 83' lang='lat' dir='ltr'><strong>Aeolibus</strong></span> 
     </span>
     <span class='ocr_line' id='line_1_17' title="bbox 237 2013 1042 2106; baseline -0.011 -13"><span class='ocrx_word' id='word_1_137' title='bbox 237 2017 454 2106; x_wconf 78' lang='lat' dir='ltr'><strong>adscribitur,</strong></span> <span class='ocrx_word' id='word_1_138' title='bbox 477 2024 671 2087; x_wconf 87' lang='lat' dir='ltr'><strong>Boeotorum</strong></span> <span class='ocrx_word' id='word_1_139' title='bbox 693 2029 761 2094; x_wconf 89' lang='lat' dir='ltr'><strong>est,</strong></span> <span class='ocrx_word' id='word_1_140' title='bbox 783 2018 850 2083; x_wconf 89' lang='lat' dir='ltr'><strong>vid.</strong></span> <span class='ocrx_word' id='word_1_141' title='bbox 874 2013 904 2106; x_wconf 79' lang='lat'>§</span> <span class='ocrx_word' id='word_1_142' title='bbox 928 2019 988 2104; x_wconf 86' lang='lat'><strong>37,</strong></span> <span class='ocrx_word' id='word_1_143' title='bbox 1012 2021 1042 2084; x_wconf 87' lang='lat' dir='ltr'><strong>l.</strong></span> 
     </span>
     <span class='ocr_line' id='line_1_18' title="bbox 197 2119 1308 2212; baseline -0.005 -19"><span class='ocrx_word' id='word_1_144' title='bbox 197 2201 199 2206; x_wconf 68' lang='lat'><strong>,</strong></span> <span class='ocrx_word' id='word_1_145' title='bbox 321 2127 363 2205; x_wconf 87' lang='lat'><strong>5)</strong></span> <span class='ocrx_word' id='word_1_146' title='bbox 391 2127 457 2189; x_wconf 88' lang='lat' dir='ltr'><strong>Pru</strong></span> <span class='ocrx_word' id='word_1_147' title='bbox 479 2119 665 2212; x_wconf 86' lang='lat' dir='ltr'><strong>duplicibus</strong></span> <span class='ocrx_word' id='word_1_148' title='bbox 687 2121 760 2200; x_wconf 65' lang='lat' dir='ltr'><strong>{ct</strong></span> <span class='ocrx_word' id='word_1_149' title='bbox 775 2121 806 2204; x_wconf 51' lang='grc' dir='ltr'><strong><em>ᾖ</em></strong></span> <span class='ocrx_word' id='word_1_150' title='bbox 819 2121 941 2185; x_wconf 81' lang='lat' dir='ltr'><strong>Acoles</strong></span> <span class='ocrx_word' id='word_1_151' title='bbox 961 2121 1142 2187; x_wconf 77' lang='lat' dir='ltr'><strong>referuntur</strong></span> <span class='ocrx_word' id='word_1_152' title='bbox 1167 2125 1205 2195; x_wconf 70' lang='grc' dir='ltr'><strong><em>ἷὶ</em></strong></span> <span class='ocrx_word' id='word_1_153' title='bbox 1225 2124 1308 2192; x_wconf 58' lang='lat' dir='ltr'><strong>ethi</strong></span> 
     </span>
     <span class='ocr_line' id='line_1_19' title="bbox 238 2221 1307 2315; baseline -0.004 -21"><span class='ocrx_word' id='word_1_154' title='bbox 238 2226 411 2315; x_wconf 83' lang='lat' dir='ltr'><strong>scripsisse</strong></span> <span class='ocrx_word' id='word_1_155' title='bbox 425 2225 473 2306; x_wconf 73' lang='grc'><strong>6).</strong></span> <span class='ocrx_word' id='word_1_156' title='bbox 526 2222 661 2287; x_wconf 83' lang='lat' dir='ltr'><strong>Constat</strong></span> <span class='ocrx_word' id='word_1_157' title='bbox 681 2221 880 2310; x_wconf 87' lang='lat' dir='ltr'><strong>antiquiores</strong></span> <span class='ocrx_word' id='word_1_158' title='bbox 902 2221 1043 2286; x_wconf 87' lang='lat' dir='ltr'><strong>Graecos</strong></span> <span class='ocrx_word' id='word_1_159' title='bbox 1065 2247 1178 2290; x_wconf 89' lang='lat' dir='ltr'><strong>omncs</strong></span> <span class='ocrx_word' id='word_1_160' title='bbox 1200 2251 1254 2292; x_wconf 90' lang='lat' dir='ltr'><strong>eas</strong></span> <span class='ocrx_word' id='word_1_161' title='bbox 1272 2226 1307 2291; x_wconf 91' lang='lat' dir='ltr'><strong>li·</strong></span> 
     </span>
     <span class='ocr_line' id='line_1_20' title="bbox 235 2321 1306 2415; baseline -0.003 -22"><span class='ocrx_word' id='word_1_162' title='bbox 235 2341 322 2394; x_wconf 85' lang='lat' dir='ltr'><strong>teras</strong></span> <span class='ocrx_word' id='word_1_163' title='bbox 351 2326 540 2415; x_wconf 72' lang='lat' dir='ltr'><strong>ignorasse,</strong></span> <span class='ocrx_word' id='word_1_164' title='bbox 569 2321 672 2386; x_wconf 85' lang='lat' dir='ltr'><strong>Attici</strong></span> <span class='ocrx_word' id='word_1_165' title='bbox 703 2333 808 2386; x_wconf 85' lang='lat' dir='ltr'><strong>tamen</strong></span> <span class='ocrx_word' id='word_1_166' title='bbox 828 2321 916 2386; x_wconf 88' lang='lat' dir='ltr'><strong>tituli</strong></span> <span class='ocrx_word' id='word_1_167' title='bbox 938 2322 1137 2411; x_wconf 86' lang='lat' dir='ltr'><strong>antiquiores</strong></span> <span class='ocrx_word' id='word_1_168' title='bbox 1158 2350 1218 2415; x_wconf 89' lang='lat' dir='ltr'><strong>pro</strong></span> <span class='ocrx_word' id='word_1_169' title='bbox 1244 2327 1306 2393; x_wconf 89' lang='lat' dir='ltr'><strong>illis</strong></span> 
     </span>
     <span class='ocr_line' id='line_1_21' title="bbox 233 2421 1305 2512; baseline -0.002 -18"><span class='ocrx_word' id='word_1_170' title='bbox 233 2426 366 2512; x_wconf 42' lang='lat' dir='ltr'><strong>{tetta</strong></span> <span class='ocrx_word' id='word_1_171' title='bbox 386 2425 525 2507; x_wconf 88' lang='lat' dir='ltr'><strong>babent,</strong></span> <span class='ocrx_word' id='word_1_172' title='bbox 561 2423 618 2488; x_wconf 90' lang='lat' dir='ltr'><strong>sed</strong></span> <span class='ocrx_word' id='word_1_173' title='bbox 646 2421 793 2487; x_wconf 89' lang='lat' dir='ltr'><strong>columna</strong></span> <span class='ocrx_word' id='word_1_174' title='bbox 813 2421 913 2488; x_wconf 90' lang='lat' dir='ltr'><strong>Melia</strong></span> <span class='ocrx_word' id='word_1_175' title='bbox 935 2422 973 2488; x_wconf 83' lang='lat' dir='ltr'><strong>C.</strong></span> <span class='ocrx_word' id='word_1_176' title='bbox 997 2423 1025 2486; x_wconf 92' lang='grc' dir='ltr'><strong>Ι.</strong></span> <span class='ocrx_word' id='word_1_177' title='bbox 1056 2427 1148 2500; x_wconf 71' lang='lat' dir='ltr'><strong>ant</strong></span> <span class='ocrx_word' id='word_1_178' title='bbox 1180 2437 1213 2492; x_wconf 86' lang='lat' dir='ltr'><strong>et</strong></span> <span class='ocrx_word' id='word_1_179' title='bbox 1233 2427 1305 2492; x_wconf 91' lang='lat' dir='ltr'><strong>auti·</strong></span> 
     </span>
     <span class='ocr_line' id='line_1_22' title="bbox 234 2521 1304 2620; baseline -0.002 -25"><span class='ocrx_word' id='word_1_180' title='bbox 234 2531 293 2620; x_wconf 90' lang='lat' dir='ltr'><strong>qui</strong></span> <span class='ocrx_word' id='word_1_181' title='bbox 330 2527 418 2594; x_wconf 87' lang='lat' dir='ltr'><strong>tituli</strong></span> <span class='ocrx_word' id='word_1_182' title='bbox 445 2521 590 2590; x_wconf 80' lang='lat' dir='ltr'><strong>Theraei</strong></span> <span class='ocrx_word' id='word_1_183' title='bbox 620 2524 653 2592; x_wconf 60' lang='grc' dir='ltr'><strong><em>ἦ</em></strong></span> <span class='ocrx_word' id='word_1_184' title='bbox 677 2535 709 2590; x_wconf 87' lang='lat' dir='ltr'><strong>et</strong></span> <span class='ocrx_word' id='word_1_185' title='bbox 733 2525 792 2608; x_wconf 62' lang='grc' dir='ltr'><strong>ἦ,</strong></span> <span class='ocrx_word' id='word_1_186' title='bbox 834 2547 941 2613; x_wconf 87' lang='lat' dir='ltr'><strong>neque</strong></span> <span class='ocrx_word' id='word_1_187' title='bbox 978 2524 1137 2590; x_wconf 88' lang='lat' dir='ltr'><strong>absonum</strong></span> <span class='ocrx_word' id='word_1_188' title='bbox 1172 2527 1304 2610; x_wconf 86' lang='lat' dir='ltr'><strong>videtur,</strong></span> 
     </span>
     <span class='ocr_line' id='line_1_23' title="bbox 233 2620 1305 2719; baseline 0.001 -25"><span class='ocrx_word' id='word_1_189' title='bbox 233 2632 356 2709; x_wconf 75' lang='lat' dir='ltr'><strong>Aeoles</strong></span> <span class='ocrx_word' id='word_1_190' title='bbox 378 2650 507 2719; x_wconf 88' lang='lat' dir='ltr'><strong>qnoque</strong></span> <span class='ocrx_word' id='word_1_191' title='bbox 527 2625 726 2714; x_wconf 89' lang='lat' dir='ltr'><strong>antiquiores</strong></span> <span class='ocrx_word' id='word_1_192' title='bbox 748 2650 822 2691; x_wconf 88' lang='lat' dir='ltr'><strong>eum</strong></span> <span class='ocrx_word' id='word_1_193' title='bbox 842 2620 1132 2714; x_wconf 54' lang='lat' dir='ltr'><strong>his&#39;conspirasse.</strong></span> <span class='ocrx_word' id='word_1_194' title='bbox 1191 2627 1305 2695; x_wconf 87' lang='lat' dir='ltr'><strong>Mirum</strong></span> 
     </span>
     <span class='ocr_line' id='line_1_24' title="bbox 232 2726 1355 2826; baseline -0.003 -27"><span class='ocrx_word' id='word_1_195' title='bbox 232 2743 357 2810; x_wconf 89' lang='lat' dir='ltr'><strong>tamen,</strong></span> <span class='ocrx_word' id='word_1_196' title='bbox 391 2730 479 2820; x_wconf 91' lang='lat' dir='ltr'><strong>quod</strong></span> <span class='ocrx_word' id='word_1_197' title='bbox 499 2752 570 2812; x_wconf 90' lang='lat' dir='ltr'><strong>res,</strong></span> <span class='ocrx_word' id='word_1_198' title='bbox 598 2727 640 2792; x_wconf 90' lang='lat' dir='ltr'><strong>ad</strong></span> <span class='ocrx_word' id='word_1_199' title='bbox 664 2726 828 2816; x_wconf 90' lang='lat' dir='ltr'><strong>antiquam</strong></span> <span class='ocrx_word' id='word_1_200' title='bbox 849 2726 1109 2814; x_wconf 76' lang='lat' dir='ltr'><strong>orthographiam</strong></span> <span class='ocrx_word' id='word_1_201' title='bbox 1128 2730 1303 2816; x_wconf 89' lang='lat' dir='ltr'><strong>pertinens,</strong></span> <span class='ocrx_word' id='word_1_202' title='bbox 1354 2749 1355 2826; x_wconf 79' lang='grc'>)</span> 
     </span>
     <span class='ocr_line' id='line_1_25' title="bbox 233 2827 1303 2920; baseline -0.005 -22"><span class='ocrx_word' id='word_1_203' title='bbox 233 2833 274 2898; x_wconf 92' lang='lat' dir='ltr'><strong>ad</strong></span> <span class='ocrx_word' id='word_1_204' title='bbox 296 2833 467 2898; x_wconf 88' lang='lat' dir='ltr'><strong>dialectum</strong></span> <span class='ocrx_word' id='word_1_205' title='bbox 494 2830 650 2914; x_wconf 76' lang='lat' dir='ltr'><strong>retertur,</strong></span> <span class='ocrx_word' id='word_1_206' title='bbox 673 2855 772 2919; x_wconf 90' lang='lat' dir='ltr'><strong>quum</strong></span> <span class='ocrx_word' id='word_1_207' title='bbox 793 2852 859 2893; x_wconf 91' lang='lat' dir='ltr'><strong>non</strong></span> <span class='ocrx_word' id='word_1_208' title='bbox 881 2827 1036 2892; x_wconf 85' lang='lat' dir='ltr'><strong>credibile</strong></span> <span class='ocrx_word' id='word_1_209' title='bbox 1058 2830 1120 2912; x_wconf 89' lang='lat' dir='ltr'><strong>sit,</strong></span> <span class='ocrx_word' id='word_1_210' title='bbox 1145 2831 1182 2894; x_wconf 92' lang='lat' dir='ltr'><strong>in</strong></span> <span class='ocrx_word' id='word_1_211' title='bbox 1202 2840 1303 2920; x_wconf 67' lang='lat' dir='ltr'><strong>potta-</strong></span> 
     </span>
     <span class='ocr_line' id='line_1_26' title="bbox 230 2929 1302 3018; baseline -0.002 -18"><span class='ocrx_word' id='word_1_212' title='bbox 230 2959 303 3000; x_wconf 87' lang='lat' dir='ltr'><strong>rum</strong></span> <span class='ocrx_word' id='word_1_213' title='bbox 334 2932 544 2997; x_wconf 85' lang='lat' dir='ltr'><strong>Aeolicorum</strong></span> <span class='ocrx_word' id='word_1_214' title='bbox 580 2931 676 2996; x_wconf 89' lang='lat' dir='ltr'><strong>libris</strong></span> <span class='ocrx_word' id='word_1_215' title='bbox 708 2955 777 2996; x_wconf 90' lang='lat' dir='ltr'><strong>eam</strong></span> <span class='ocrx_word' id='word_1_216' title='bbox 810 2929 1000 3018; x_wconf 88' lang='lat' dir='ltr'><strong>scripturam</strong></span> <span class='ocrx_word' id='word_1_217' title='bbox 1028 2951 1047 2993; x_wconf 92' lang='lat' dir='ltr'><strong>a</strong></span> <span class='ocrx_word' id='word_1_218' title='bbox 1078 2934 1302 3018; x_wconf 72' lang='lat' dir='ltr'><strong>grammaticis,</strong></span> 
     </span>
     <span class='ocr_line' id='line_1_27' title="bbox 232 3025 1301 3123; baseline 0 -25"><span class='ocrx_word' id='word_1_219' title='bbox 232 3034 291 3123; x_wconf 91' lang='lat' dir='ltr'><strong>qui</strong></span> <span class='ocrx_word' id='word_1_220' title='bbox 322 3045 572 3114; x_wconf 85' lang='lat' dir='ltr'><strong>recensuerunt,</strong></span> <span class='ocrx_word' id='word_1_221' title='bbox 604 3031 837 3096; x_wconf 87' lang='lat' dir='ltr'><strong>Alexandrinis</strong></span> <span class='ocrx_word' id='word_1_222' title='bbox 859 3040 1014 3096; x_wconf 84' lang='lat' dir='ltr'><strong>servatam</strong></span> <span class='ocrx_word' id='word_1_223' title='bbox 1035 3053 1120 3095; x_wconf 89' lang='lat' dir='ltr'><strong>csse.</strong></span> <span class='ocrx_word' id='word_1_224' title='bbox 1187 3025 1301 3117; x_wconf 83' lang='lat' dir='ltr'><strong>Qdarc,</strong></span> 
     </span>
     <span class='ocr_line' id='line_1_28' title="bbox 231 3129 1302 3222; baseline -0.002 -23"><span class='ocrx_word' id='word_1_225' title='bbox 231 3132 459 3222; x_wconf 85' lang='lat' dir='ltr'><strong>antiquissima</strong></span> <span class='ocrx_word' id='word_1_226' title='bbox 493 3132 529 3196; x_wconf 94' lang='lat' dir='ltr'><strong>in</strong></span> <span class='ocrx_word' id='word_1_227' title='bbox 560 3131 687 3197; x_wconf 88' lang='lat' dir='ltr'><strong>Joanne</strong></span> <span class='ocrx_word' id='word_1_228' title='bbox 718 3131 776 3196; x_wconf 85' lang='lat' dir='ltr'><strong>Gr.</strong></span> <span class='ocrx_word' id='word_1_229' title='bbox 810 3129 950 3196; x_wconf 90' lang='lat' dir='ltr'><strong>lectione</strong></span> <span class='ocrx_word' id='word_1_230' title='bbox 979 3131 1085 3205; x_wconf 75' lang='grc' dir='ltr'><strong><em>σκένος</em></strong></span> <span class='ocrx_word' id='word_1_231' title='bbox 1113 3155 1173 3219; x_wconf 90' lang='lat' dir='ltr'><strong>pro</strong></span> <span class='ocrx_word' id='word_1_232' title='bbox 1201 3135 1302 3207; x_wconf 76' lang='lat' dir='ltr'><strong>nochor</strong></span> 
     </span>
     <span class='ocr_line' id='line_1_29' title="bbox 230 3230 1301 3321; baseline 0 -23"><span class='ocrx_word' id='word_1_233' title='bbox 230 3233 420 3319; x_wconf 87' lang='lat' dir='ltr'><strong>adjuvante,</strong></span> <span class='ocrx_word' id='word_1_234' title='bbox 450 3230 620 3320; x_wconf 90' lang='lat' dir='ltr'><strong>suspicor,</strong></span> <span class='ocrx_word' id='word_1_235' title='bbox 651 3255 717 3296; x_wconf 88' lang='lat' dir='ltr'><strong>non</strong></span> <span class='ocrx_word' id='word_1_236' title='bbox 743 3231 842 3296; x_wconf 91' lang='lat' dir='ltr'><strong>alium</strong></span> <span class='ocrx_word' id='word_1_237' title='bbox 868 3254 1011 3314; x_wconf 87' lang='lat' dir='ltr'><strong>moram,</strong></span> <span class='ocrx_word' id='word_1_238' title='bbox 1046 3232 1204 3321; x_wconf 88' lang='lat' dir='ltr'><strong>exemplis</strong></span> <span class='ocrx_word' id='word_1_239' title='bbox 1225 3235 1301 3298; x_wconf 90' lang='lat' dir='ltr'><strong>male</strong></span> 
     </span>
     <span class='ocr_line' id='line_1_30' title="bbox 230 3327 1300 3424; baseline -0.001 -24"><span class='ocrx_word' id='word_1_240' title='bbox 230 3327 348 3400; x_wconf 90' lang='lat' dir='ltr'><strong>additis</strong></span> <span class='ocrx_word' id='word_1_241' title='bbox 370 3345 402 3401; x_wconf 92' lang='lat' dir='ltr'><strong>et</strong></span> <span class='ocrx_word' id='word_1_242' title='bbox 421 3333 564 3418; x_wconf 86' lang='lat' dir='ltr'><strong>mutatis,</strong></span> <span class='ocrx_word' id='word_1_243' title='bbox 590 3357 627 3398; x_wconf 88' lang='lat' dir='ltr'><strong>ea</strong></span> <span class='ocrx_word' id='word_1_244' title='bbox 646 3333 760 3422; x_wconf 74' lang='lat' dir='ltr'><strong>regula</strong></span> <span class='ocrx_word' id='word_1_245' title='bbox 779 3331 970 3421; x_wconf 76' lang='lat' dir='ltr'><strong>significari,</strong></span> <span class='ocrx_word' id='word_1_246' title='bbox 992 3355 1088 3424; x_wconf 76' lang='lat' dir='ltr'><strong>quam</strong></span> <span class='ocrx_word' id='word_1_247' title='bbox 1109 3334 1300 3422; x_wconf 80' lang='lat' dir='ltr'><strong>qqueoles</strong></span> 
     </span>
    </p>
   </div>
   <div class='ocr_carea' id='block_1_3' title="bbox 226 3603 1299 3850">
    <p class='ocr_par' dir='ltr' id='par_1_3' title="bbox 226 3603 1299 3850">
     <span class='ocr_line' id='line_1_31' title="bbox 262 3603 1299 3679; baseline -0.01 -12"><span class='ocrx_word' id='word_1_248' title='bbox 262 3615 291 3678; x_wconf 78' lang='grc' dir='ltr'><strong>ὅ)</strong></span> <span class='ocrx_word' id='word_1_249' title='bbox 325 3613 393 3666; x_wconf 82' lang='lat' dir='ltr'><strong>Cum</strong></span> <span class='ocrx_word' id='word_1_250' title='bbox 412 3606 488 3664; x_wconf 67' lang='lat' dir='ltr'><strong>duduc</strong></span> <span class='ocrx_word' id='word_1_251' title='bbox 505 3623 632 3679; x_wconf 86' lang='lat' dir='ltr'><strong>compara</strong></span> <span class='ocrx_word' id='word_1_252' title='bbox 648 3616 770 3663; x_wconf 86' lang='lat' dir='ltr'><strong>nostrum</strong></span> <span class='ocrx_word' id='word_1_253' title='bbox 786 3609 860 3674; x_wconf 82' lang='lat' dir='ltr'><strong>Ast;</strong></span> <span class='ocrx_word' id='word_1_254' title='bbox 885 3624 922 3661; x_wconf 85' lang='lat' dir='ltr'><strong>ex</strong></span> <span class='ocrx_word' id='word_1_255' title='bbox 938 3606 1050 3675; x_wconf 89' lang='lat' dir='ltr'><strong>antiqua</strong></span> <span class='ocrx_word' id='word_1_256' title='bbox 1067 3605 1161 3661; x_wconf 90' lang='lat' dir='ltr'><strong>radice</strong></span> <span class='ocrx_word' id='word_1_257' title='bbox 1177 3603 1237 3675; x_wconf 75' lang='lat' dir='ltr'><strong>aad,</strong></span> <span class='ocrx_word' id='word_1_258' title='bbox 1253 3622 1299 3677; x_wconf 85' lang='lat' dir='ltr'><strong>per</strong></span> 
     </span>
     <span class='ocr_line' id='line_1_32' title="bbox 226 3691 1296 3766; baseline -0.006 -14"><span class='ocrx_word' id='word_1_259' title='bbox 226 3697 473 3766; x_wconf 86' lang='lat' dir='ltr'><strong>reduplicationem</strong></span> <span class='ocrx_word' id='word_1_260' title='bbox 496 3693 575 3749; x_wconf 76' lang='grc' dir='ltr'><strong><em>σισδω</em></strong></span> <span class='ocrx_word' id='word_1_261' title='bbox 599 3705 626 3749; x_wconf 87' lang='lat' dir='ltr'><strong>et</strong></span> <span class='ocrx_word' id='word_1_262' title='bbox 649 3695 754 3762; x_wconf 85' lang='lat' dir='ltr'><strong>abjecto</strong></span> <span class='ocrx_word' id='word_1_263' title='bbox 773 3713 788 3747; x_wconf 88' lang='grc' dir='ltr'><strong><em>ο</em></strong></span> <span class='ocrx_word' id='word_1_264' title='bbox 811 3691 992 3748; x_wconf 65' lang='lat' dir='ltr'><strong>catarnaum</strong></span> <span class='ocrx_word' id='word_1_265' title='bbox 1016 3705 1072 3760; x_wconf 86' lang='lat' dir='ltr'><strong>est,</strong></span> <span class='ocrx_word' id='word_1_266' title='bbox 1099 3704 1129 3746; x_wconf 90' lang='lat' dir='ltr'><strong>ut</strong></span> <span class='ocrx_word' id='word_1_267' title='bbox 1151 3711 1167 3746; x_wconf 88' lang='lat' dir='ltr'><strong>e</strong></span> <span class='ocrx_word' id='word_1_268' title='bbox 1189 3711 1233 3759; x_wconf 70' lang='lat' dir='ltr'><strong>est</strong></span> <span class='ocrx_word' id='word_1_269' title='bbox 1251 3691 1296 3760; x_wconf 75' lang='grc' dir='ltr'><strong>(ἐχ)</strong></span> 
     </span>
     <span class='ocr_line' id='line_1_33' title="bbox 226 3780 1262 3850; baseline -0.007 -10"><span class='ocrx_word' id='word_1_270' title='bbox 226 3789 317 3850; x_wconf 68' lang='lat' dir='ltr'><strong>stuza,</strong></span> <span class='ocrx_word' id='word_1_271' title='bbox 336 3784 401 3846; x_wconf 74' lang='grc' dir='ltr'><strong><em>ἴσχω</em></strong></span> <span class='ocrx_word' id='word_1_272' title='bbox 417 3783 462 3849; x_wconf 84' lang='lat' dir='ltr'><strong>(cl.</strong></span> <span class='ocrx_word' id='word_1_273' title='bbox 481 3782 555 3846; x_wconf 77' lang='grc' dir='ltr'><strong><em>ἔσχον</em></strong></span> <span class='ocrx_word' id='word_1_274' title='bbox 569 3798 607 3835; x_wconf 87' lang='lat' dir='ltr'><strong>ex</strong></span> <span class='ocrx_word' id='word_1_275' title='bbox 623 3780 737 3846; x_wconf 63' lang='grc' dir='ltr'><strong>ἔσειον),</strong></span> <span class='ocrx_word' id='word_1_276' title='bbox 755 3781 861 3849; x_wconf 63' lang='grc' dir='ltr'><em>μίμνω,</em></span> <span class='ocrx_word' id='word_1_277' title='bbox 878 3784 969 3834; x_wconf 73' lang='grc' dir='ltr'><strong><em>πίπτω</em></strong></span> <span class='ocrx_word' id='word_1_278' title='bbox 988 3796 1005 3833; x_wconf 88' lang='lat' dir='ltr'><strong>e</strong></span> <span class='ocrx_word' id='word_1_279' title='bbox 1021 3799 1085 3850; x_wconf 77' lang='lat' dir='ltr'><strong>pra,</strong></span> <span class='ocrx_word' id='word_1_280' title='bbox 1104 3797 1164 3834; x_wconf 75' lang='lat' dir='ltr'><strong>stat.</strong></span> <span class='ocrx_word' id='word_1_281' title='bbox 1258 3820 1262 3826; x_wconf 84' lang='lat'>.</span> 
     </span>
    </p>
   </div>
   <div class='ocr_carea' id='block_1_4' title="bbox 224 3885 1354 4221">
    <p class='ocr_par' dir='ltr' id='par_1_4' title="bbox 224 3885 1354 4221">
     <span class='ocr_line' id='line_1_34' title="bbox 260 3885 1354 3964; baseline -0.011 -12"><span class='ocrx_word' id='word_1_282' title='bbox 260 3899 287 3964; x_wconf 89' lang='grc'><strong>6)</strong></span> <span class='ocrx_word' id='word_1_283' title='bbox 322 3897 349 3951; x_wconf 82' lang='lat' dir='ltr'><strong>J.</strong></span> <span class='ocrx_word' id='word_1_284' title='bbox 374 3896 423 3948; x_wconf 84' lang='lat' dir='ltr'><strong>Gr.</strong></span> <span class='ocrx_word' id='word_1_285' title='bbox 448 3895 514 3960; x_wconf 77' lang='grc'><strong>244,</strong></span> <span class='ocrx_word' id='word_1_286' title='bbox 537 3894 571 3960; x_wconf 88' lang='lat' dir='ltr'><strong>b,</strong></span> <span class='ocrx_word' id='word_1_287' title='bbox 616 3891 702 3959; x_wconf 82' lang='lat' dir='ltr'><strong>Greg.</strong></span> <span class='ocrx_word' id='word_1_288' title='bbox 726 3892 790 3946; x_wconf 79' lang='lat' dir='ltr'><strong>(lor.</strong></span> <span class='ocrx_word' id='word_1_289' title='bbox 811 3893 878 3957; x_wconf 81' lang='lat'><strong>613,</strong></span> <span class='ocrx_word' id='word_1_290' title='bbox 905 3890 1020 3944; x_wconf 80' lang='lat' dir='ltr'><strong>Mearm.</strong></span> <span class='ocrx_word' id='word_1_291' title='bbox 1046 3893 1113 3946; x_wconf 83' lang='lat'><strong>661:</strong></span> <span class='ocrx_word' id='word_1_292' title='bbox 1138 3885 1197 3944; x_wconf 74' lang='lat' dir='ltr'><strong>daal</strong></span> <span class='ocrx_word' id='word_1_293' title='bbox 1219 3885 1297 3948; x_wconf 74' lang='grc' dir='ltr'><strong>τοὸξ</strong></span> <span class='ocrx_word' id='word_1_294' title='bbox 1353 3921 1354 3940; x_wconf 49' lang='lat' dir='ltr'><strong>t</strong></span> 
     </span>
     <span class='ocr_line' id='line_1_35' title="bbox 224 3969 1298 4046; baseline -0.009 -10"><span class='ocrx_word' id='word_1_295' title='bbox 224 3987 333 4038; x_wconf 75' lang='grc' dir='ltr'><strong><em>τιθέασι</em></strong></span> <span class='ocrx_word' id='word_1_296' title='bbox 349 3977 381 4036; x_wconf 78' lang='lat' dir='ltr'><strong>ed</strong></span> <span class='ocrx_word' id='word_1_297' title='bbox 398 3982 419 4034; x_wconf 69' lang='grc' dir='ltr'><strong><em>ἱ</em></strong></span> <span class='ocrx_word' id='word_1_298' title='bbox 435 3986 481 4033; x_wconf 75' lang='lat' dir='ltr'><strong>nul</strong></span> <span class='ocrx_word' id='word_1_299' title='bbox 498 3981 531 4032; x_wconf 73' lang='grc' dir='ltr'><strong>ὅ·</strong></span> <span class='ocrx_word' id='word_1_300' title='bbox 558 3977 630 4042; x_wconf 63' lang='grc' dir='ltr'><em>ξένος</em></span> <span class='ocrx_word' id='word_1_301' title='bbox 646 3982 749 4040; x_wconf 68' lang='lat' dir='ltr'><strong>sulvat,</strong></span> <span class='ocrx_word' id='word_1_302' title='bbox 776 3973 852 4045; x_wconf 74' lang='grc' dir='ltr'><strong><em>ἱέραξ</em></strong></span> <span class='ocrx_word' id='word_1_303' title='bbox 867 3973 973 4046; x_wconf 65' lang='lat' dir='ltr'><strong>ilpunc·</strong></span> <span class='ocrx_word' id='word_1_304' title='bbox 1000 3973 1059 4030; x_wconf 73' lang='lat' dir='ltr'><strong>olna</strong></span> <span class='ocrx_word' id='word_1_305' title='bbox 1078 3971 1107 4028; x_wconf 70' lang='lat' dir='ltr'><strong>ds*</strong></span> <span class='ocrx_word' id='word_1_306' title='bbox 1122 3973 1172 4030; x_wconf 77' lang='lat' dir='ltr'><strong>aad</strong></span> <span class='ocrx_word' id='word_1_307' title='bbox 1193 3969 1298 4046; x_wconf 47' lang='lat' dir='ltr'><strong>Quid</strong></span> 
     </span>
     <span class='ocr_line' id='line_1_36' title="bbox 224 4057 1295 4138; baseline -0.009 -18"><span class='ocrx_word' id='word_1_308' title='bbox 224 4075 269 4121; x_wconf 76' lang='grc' dir='ltr'><strong>καὶ</strong></span> <span class='ocrx_word' id='word_1_309' title='bbox 287 4071 304 4121; x_wconf 73' lang='grc' dir='ltr'><em>ὅ</em></span> <span class='ocrx_word' id='word_1_310' title='bbox 313 4083 320 4100; x_wconf 85' lang='grc'><em>·</em></span> <span class='ocrx_word' id='word_1_311' title='bbox 337 4071 434 4138; x_wconf 71' lang='grc' dir='ltr'><strong><em>Πέλοψ</em></strong></span> <span class='ocrx_word' id='word_1_312' title='bbox 451 4068 571 4132; x_wconf 69' lang='lat' dir='ltr'><strong>Halous,</strong></span> <span class='ocrx_word' id='word_1_313' title='bbox 591 4059 689 4134; x_wconf 69' lang='lat' dir='ltr'><strong>”Aaou</strong></span> <span class='ocrx_word' id='word_1_314' title='bbox 700 4058 829 4135; x_wconf 58' lang='lat' dir='ltr'><strong>”Aprum</strong></span> <span class='ocrx_word' id='word_1_315' title='bbox 851 4061 925 4131; x_wconf 89' lang='lat' dir='ltr'><strong>apud</strong></span> <span class='ocrx_word' id='word_1_316' title='bbox 943 4062 969 4118; x_wconf 87' lang='lat' dir='ltr'><strong>J.</strong></span> <span class='ocrx_word' id='word_1_317' title='bbox 988 4063 1037 4118; x_wconf 87' lang='lat' dir='ltr'><strong>Gr.</strong></span> <span class='ocrx_word' id='word_1_318' title='bbox 1057 4062 1086 4116; x_wconf 91' lang='lat' dir='ltr'><strong>in</strong></span> <span class='ocrx_word' id='word_1_319' title='bbox 1104 4061 1139 4117; x_wconf 88' lang='lat' dir='ltr'><strong>H.</strong></span> <span class='ocrx_word' id='word_1_320' title='bbox 1157 4061 1210 4117; x_wconf 80' lang='lat' dir='ltr'><strong>Ad.</strong></span> <span class='ocrx_word' id='word_1_321' title='bbox 1230 4057 1295 4127; x_wconf 80' lang='lat' dir='ltr'><strong>legi·</strong></span> 
     </span>
     <span class='ocr_line' id='line_1_37' title="bbox 224 4152 709 4221; baseline -0.004 -15"><span class='ocrx_word' id='word_1_322' title='bbox 224 4163 269 4207; x_wconf 88' lang='lat' dir='ltr'><strong>tur</strong></span> <span class='ocrx_word' id='word_1_323' title='bbox 284 4158 383 4221; x_wconf 77' lang='lat' dir='ltr'><strong>calvos,</strong></span> <span class='ocrx_word' id='word_1_324' title='bbox 398 4155 426 4207; x_wconf 92' lang='lat' dir='ltr'><strong>in</strong></span> <span class='ocrx_word' id='word_1_325' title='bbox 444 4152 507 4209; x_wconf 87' lang='lat' dir='ltr'><strong>edd.</strong></span> <span class='ocrx_word' id='word_1_326' title='bbox 525 4167 596 4207; x_wconf 83' lang='lat' dir='ltr'><strong>rece.</strong></span> <span class='ocrx_word' id='word_1_327' title='bbox 613 4152 709 4205; x_wconf 72' lang='lat' dir='ltr'><strong>coires.</strong></span> 
     </span>
    </p>
   </div>
   <div class='ocr_carea' id='block_1_5' title="bbox 0 0 1378 4832">
    <p class='ocr_par' dir='ltr' id='par_1_5' title="bbox 0 0 1378 4832">
     <span class='ocr_line' id='line_1_38' title="bbox 0 0 1378 4832; baseline 0 6"><span class='ocrx_word' id='word_1_328' title='bbox 0 0 1378 4832; x_wconf 95' lang='lat' dir='ltr'><strong> </strong></span> 
     </span>
    </p>
   </div>
  </div>
 </body>
</html>
