2710 4820
208 261 282 340 198
383 291 384 298 ¹
529 262 586 338 De
612 259 765 336 dialecto
790 259 971 336 Boeotico.

208 468 278 546 est)
298 465 390 557 prius
409 464 575 554 adhiberi,
610 487 707 552 quam
735 463 870 554 antiquo
890 463 1045 553 Boeotico
1079 489 1162 536 sono
1184 489 1221 532 sc
1246 465 1302 532 ab·

207 569 349 636 dicasset
369 578 402 633 ct
422 573 458 632 δῦ
477 591 538 656 pro
559 578 577 630 ῦ
596 564 699 632 scribi
720 576 869 658 coeptum
890 575 987 632 esset.

289 769 363 836 Jam
386 768 493 856 'igitur
522 769 601 836 satis
632 781 755 843 certum
782 767 931 859 videtur,
971 791 1028 834 eos
1057 767 1192 854 titulos,
1242 768 1298 858 qui

205 871 315 941 minam
335 872 477 963 perfecte
494 871 715 938 Boeotismum
729 873 858 938 reterre
878 863 943 938 visi
964 881 1053 952 sunt,
1075 881 1093 932 ῦ
1114 881 1147 934 ct
1170 881 1203 934 δί
1227 894 1299 938 cum

205 973 334 1063 vulgari
355 973 493 1040 dialecto
520 973 721 1051 communia,
759 995 867 1062 neque
895 971 1004 1037 minus
1027 983 1059 1039 ῦῒ
1086 995 1145 1061 pro
1167 972 1299 1060 vulgari

205 1077 230 1156 qi
260 1099 300 1140 ox
331 1075 463 1164 antiqua
495 1075 640 1167 ipsorum
673 1075 870 1141 Boeotorum
902 1072 1040 1141 dialecto
1069 1083 1102 1138 et
1136 1073 1300 1162 scriptura

207 1199 364 1244 servasse.
429 1175 541 1242 Minus
569 1187 702 1244 certum·
714 1173 874 1265 judicium
908 1186 958 1242 est
978 1175 1019 1240 de
1043 1173 1181 1262 reliquis
1202 1197 1300 1240 voca·

204 1277 287 1342 lium
316 1276 570 1362 mutationibus,
599 1301 683 1365 quae
711 1276 836 1343 minore
855 1277 1037 1342 constantia
1057 1275 1092 1348 in
1114 1275 1240 1342 iisdem
1262 1275 1301 1340 ti·

203 1379 283 1444 tulis
312 1379 545 1468 negliguntur,
578 1378 655 1468 quia
676 1379 749 1444 sino
777 1379 844 1446 ulla
874 1365 1118 1467 peregrinarum
1141 1377 1299 1446 dialecto·

204 1503 277 1548 rum
290 1480 476 1568 cognitione
492 1492 526 1546 ᾱῖ
545 1479 581 1542 in
603 1489 623 1556 ἢ
634 1525 644 1562 ,
667 1486 696 1543 Ξῖ
716 1478 755 1556 in¹
774 1489 806 1562 ῖ,
829 1489 845 1544 ἓ
864 1491 937 1546 onte
951 1479 1080 1549 vocales
1097 1477 1133 1542 in
1153 1488 1300 1544 ttrans·

203 1580 253 1645 ire
273 1589 431 1668 poterant.
486 1579 534 1644 At
554 1603 575 1670 e
593 1579 790 1669 reliquorum
819 1592 925 1646 tamen
949 1580 1097 1670 analogia
1119 1578 1200 1646 satis
1223 1603 1297 1670 pro·

203 1681 308 1748 babili
329 1681 514 1768 conjectura
534 1680 741 1771 colligimus,
774 1705 817 1748 ne
844 1681 879 1746 in
899 1682 952 1748 his
974 1681 1106 1771 quidem
1126 1680 1298 1770 antiquam

204 1781 399 1850 Boeotorum
430 1783 619 1872 scriptoram
651 1783 817 1870 avnlpari
839 1783 997 1852 diversam
1025 1781 1150 1864 luisse,
1188 1805 1299 1872 quan-

204 1905 300 1972 quam
329 1880 496 1952 titulorum
523 1883 718 1974 antiquioris
746 1883 881 1952 cationis
910 1885 1108 1950 tenaciorum
1129 1882 1242 1948 minor
1263 1884 1299 1948 in

201 1987 255 2054 bis
292 1986 527 2056 mutationibus
554 1985 762 2076 negligendis
790 1987 969 2054 constantia
1002 1987 1155 2070 majorem
1191 1997 1299 2053 muta-

150 2135 153 2144 .
202 2087 328 2158 tionum
347 2088 571 2176 antiquitatem
589 2087 725 2175 prodere
737 2086 877 2154 videtur.
923 2086 1021 2170 Quod
1041 2095 1063 2165 ἦ
1083 2088 1118 2152 in
1139 2087 1298 2156 omnihus

201 2188 402 2256 titulissine
423 2187 611 2257 discrimine
633 2186 668 2255 in
690 2189 873 2268 tetransit,
915 2211 1071 2258 summam
1099 2188 1201 2274 hujus
1224 2213 1299 2258 mu-

201 2287 335 2359 tationis
355 2288 579 2381 antiquitatem
600 2279 733 2356 indicat.

285 2487 359 2558 dam
387 2491 577 2560 accedamus
612 2491 653 2556 ad
690 2515 745 2557 cas
781 2489 1034 2582 inscriptiones,
1075 2517 1158 2584 quae
1189 2517 1296 2584 quum

203 2594 380 2682 scripturae
409 2593 702 2684 gencretnajorem
723 2593 946 2692 antiquitatem
973 2595 1132 2683 prodant,
1163 2593 1223 2663 vix
1251 2609 1296 2662 ta-
1350 2605 1351 2636 ¹

202 2719 276 2762 men
299 2705 448 2788 quartum
470 2695 635 2762 sacculum
665 2695 805 2759 multum
828 2709 992 2784 superant.
1059 2696 1103 2764 Et
1129 2705 1196 2764 tres
1222 2699 1295 2788 qui-

203 2798 276 2867 dem
306 2821 347 2861 ex
372 2795 426 2865 bis
457 2796 563 2886 ipsum
593 2798 650 2880 ᾶῖ,
685 2794 773 2885 qnod
801 2798 888 2885 apud
913 2809 1038 2862 reterns
1059 2797 1204 2864 Boeotos
1228 2824 1295 2866 non

201 2909 358 2966 mutatum
380 2896 502 2964 ¹luisse
529 2897 685 2985 suspicati
719 2922 851 2979 sumus,
891 2900 1049 2984 offerunt,
1094 2898 1294 2966 Thishcnsis

202 2998 285 3064 1592
305 2995 468 3080 Ἀθάναι,
502 2997 720 3068 Orchomenia
741 2999 823 3065 1639
844 2999 1031 3080 Boudem,
1064 2997 1294 3066 Chaeronoen-

201 3097 249 3165 sis
270 3097 353 3166 1679
375 3097 576 3184 Χαιῤῥονεά;
600 3098 655 3168 vix
677 3100 764 3164 enim
786 3100 990 3189 dubitamus,
1015 3101 1095 3191 quin
1116 3101 1152 3168 in
1173 3102 1292 3189 priori·
1348 3143 1349 3150 κ

200 3199 264 3268 hus
286 3199 320 3264 ’ἆῖ
340 3220 399 3290 pro
422 3203 442 3282 ᾇ
463 3221 530 3266 non
551 3198 660 3265 minus
683 3201 892 3268 scribendum
915 3202 973 3282 sit,
1008 3226 1104 3291 quarn
1126 3203 1293 3293 antiquior

201 3301 360 3371 disiectus
383 3301 414 3367 ὀῖ
435 3299 581 3368 hahebat
593 3323 653 3393 pro
675 3304 710 3383 ᾧ.
764 3301 805 3368 Iu
835 3305 948 3370 ultima
969 3315 1151 3398 praetcrea,
1187 3329 1291 3392 quum

201 3402 330 3489 singula
358 3425 422 3470 vox
449 3425 509 3490 pro
531 3401 714 3488 Xoopoiostc
740 3404 947 3473 hauddubie
972 3405 1083 3498 prisco
1112 3404 1293 3494 scripturae
1347 3427 1348 3438 ¹

202 3525 321 3596 genere
342 3503 447 3596 posita
471 3504 532 3587 sit,
564 3504 652 3600 'test
672 3527 731 3596 pro
756 3507 805 3587 Ξῖ,
842 3507 944 3596 igitur
969 3507 1047 3572 haec
1067 3505 1292 3596 diphthongus

200 3605 343 3674 nondum
370 3604 405 3673 in
431 3612 448 3665 “a
475 3605 615 3672 transiit.
637 3602 678 3656 -—'
720 3605 850 3674 Deinde
878 3606 1078 3695 inantiquis
1099 3605 1208 3672 titulis
1228 3609 1292 3674 Ta·
1346 3673 1347 3690 ,

200 3820 234 3872 ct
256 3808 337 3876 1647
359 3810 408 3876 ἐπὶ
431 3813 586 3892 Πλαυχαε.
615 3805 738 3895 'Igitur
757 3807 830 3891 hic,
853 3808 910 3873 ubi
930 3809 1111 3898 proprietas
1132 3809 1290 3876 Boeotio·

75 3701 77 3710 ¹
200 3707 352 3796 napaeis
373 3703 510 3795 legiturc
533 3731 585 3774 ur·
608 3707 694 3775 1592
713 3705 911 3790 Ἠσχρονδας
932 3710 1060 3790 Atym.
1075 3753 1107 3771 ..
1131 3715 1291 3773 Λιονυσοε
1346 3695 1347 3708 ³

200 3909 417 4000 conspicitur,
452 3907 471 3970 ὗ
499 3933 564 3974 non
593 3919 747 3974 mutatum
768 3908 900 4000 egregie
933 3909 1122 3978 seutentiam
1144 3923 1290 3976 nostram
1345 3951 1346 3958 κ

200 4012 379 4076 confirmat.
436 4007 541 4073 Valde
566 4019 686 4094 nartem,
704 4009 847 4075 notabile
868 4022 919 4076 est
939 4011 1212 4100 diplrthongorum
1237 4037 1290 4104 pe·

202 4136 289 4195 nus,
312 4111 410 4202 qnod*
422 4110 551 4177 Latinis
573 4107 670 4178 unice
691 4109 865 4195 usitatum,
887 4112 973 4201 opud
993 4111 1138 4179 Graecos
1159 4113 1291 4182 rarissi-
