2712 4820
259 311 332 390 lto
456 311 511 382 De
536 304 688 380 dialecto
715 301 871 380 Aeolum
896 243 1129 382 Asianorum

257 517 396 601 δι’ψαισι,
432 511 467 576 in
496 505 685 597 imperativo
714 501 934 590 ιιατᾶνρεντον,
970 503 1006 572 in
1031 499 1209 592 participiis
1236 502 1305 574 οἵκεις

258 629 340 700 cte,
371 615 406 680 in
437 605 609 696 subjectivi
641 605 756 671 formis
785 604 977 688 coelipeta,
1008 604 1179 686 ποτὴμενος
1206 614 1256 668 etc.
1275 637 1305 651 -

257 719 378 784 Contra
396 710 594 802 paucissima
615 719 714 788 suut,
737 727 819 795 quae
838 706 925 772 baud
945 705 1045 771 dubie
1065 707 1231 772 verborum
1247 703 1305 768 ini
1334 703 1335 714 ³

258 818 430 911 flexionem
451 820 581 887 tenent,
604 831 664 874 nec
687 807 716 872 si
736 818 883 898 accurate
904 808 1090 895 quaerimus
1110 808 1218 896 plura,
1237 826 1305 894 quan

257 915 416 986 ποιέονται
437 914 480 980 Α.
505 912 546 980 35
574 919 607 976 et
627 933 710 998 quac
741 907 900 997 peculiari
920 906 1062 974 Aeolum
1087 923 1177 974 more
1200 909 1219 984 ἦ
1240 910 1304 993 proi

258 1022 398 1097 habent,
430 1011 564 1090 noctu,
596 1010 734 1088 5111111111,
763 1008 831 1076 Vid-
855 1002 886 1095 ἕ
908 1007 968 1090 25,
991 1007 1031 1094 53
1054 1009 1097 1078 dc
1124 1010 1198 1076 aliis
1225 1004 1304 1074 iornis

258 1147 324 1188 non
353 1115 527 1185 contractis
554 1113 622 1180 vid.
644 1113 669 1178 l.
693 1108 718 1176 l.
781 1109 918 1178 Formae
948 1121 1137 1178 contractae·
1158 1121 1210 1176 aut
1232 1109 1266 1173 ita
1283 1106 1306 1169 in
1334 1117 1335 1128 ¹

257 1222 353 1292 libris
380 1214 603 1307 reperiuntur,
636 1224 672 1278 ut
698 1210 850 1278 meliores
871 1211 995 1290 veriora
1023 1221 1175 1294 teneant,
1203 1222 1235 1276 ut
1252 1207 1304 1274 §.2

257 1351 289 1393 v.
331 1324 370 1390 11
410 1320 578 1404 βομβεῦοιν
613 1339 672 1404 pro
709 1311 871 1396 ῥόμβεισι,
909 1309 943 1376 S.
972 1313 1000 1378 Ι1
1037 1337 1069 1381 v.
1106 1313 1147 1380 11
1184 1295 1304 1388 donatiuo,

257 1427 398 1490 Tbeocr.
434 1420 500 1501 28,
531 1416 551 1482 5
595 1413 778 1496 αἰτούμεθα,
819 1423 874 1477 aut
910 1413 1077 1482 facillimis
1104 1411 1305 1494 imutationibu
1334 1451 1335 1460 a

158 1534 166 1544 ‘
257 1522 428 1596 emendari
456 1529 617 1608 possunt,
659 1525 696 1578 ut
725 1517 929 1597 μοχθεῦντες,
963 1513 1174 1598 ε’παινεόντες,
1209 1512 1306 1598 vulgare
1334 1549 1335 1560 ι

262 1626 446 1710 οἰνοχοοῦσα
481 1617 516 1682 in
544 1615 727 1708 μόχθεντες,
759 1615 948 1699 inculcante,
983 1616 1159 1701 οἰνοχόεισα
1186 1610 1243 1702 (ur.
1262 1605 1306 1694 lt),

260 1728 411 1813 ὠρχοῦντο
435 1719 470 1786 S.
492 1720 534 1786 73
563 1718 598 1782 in
620 1717 771 1801 ὤρχηντο.
839 1711 931 1796 Quae
953 1717 1069 1782 collata
1097 1729 1130 1782 et
1150 1711 1306 1782 emendatio

260 1851 319 1892 nes
342 1821 481 1890 subinde
500 1829 639 1886 tentatas
659 1817 737 1882 satis
759 1826 914 1884 excusant
944 1828 977 1880 et
998 1818 1114 1884 docent
1136 1842 1190 1884 eas
1210 1819 1306 1883 fornas,

203 1953 205 1959 ·
259 1952 343 2020 quae
381 1920 533 2012 (accentu
563 1913 728 2008 neglecto)
765 1917 861 1982 etiam
893 1918 1112 2008 contractione
1149 1928 1235 1982 name
1260 1933 1308 1976 esse

260 2027 412 2120 possint,
435 2033 471 2088 ut
493 2023 592 2105 φιλεῖ,
616 2021 759 2105 χαυνοῖς,
783 2020 872 2099 πίνη,
894 2001 1012 2098 cultio,
1044 2022 1150 2096 νινᾶν,
1175 2017 1307 2132 στεφανῶν,

260 2132 361 2211 imile,
385 2124 490 2200 ε’κύιια,
516 2122 668 2208 ἇσάμενος
688 2130 763 2194 ete„
785 2119 895 2208 potius
916 2118 958 2186 ad
978 2120 1235 2210 conjugationem
1251 2141 1308 2198 mu

260 2253 338 2294 cnm
354 2224 492 2313 reliquis
512 2220 680 2286 referenda
701 2243 786 2286 esse.

345 2323 407 2412 14)
447 2322 552 2388 Verbi
600 2317 859 2386 substantivi
897 2321 957 2386 bae
996 2321 1118 2386 formae
1155 2321 1307 2388 traduntur:

261 2429 401 2494 Praes.
426 2424 496 2506 ε”μμι
519 2415 570 2508 (ἓ.
593 2421 632 2504 8,
655 2414 718 2506 3),
748 2418 833 2500 ἔστι,
856 2429 892 2484 ut
911 2421 1029 2507 vulpo;
1062 2422 1102 2486 de
1124 2423 1144 2488 3
1165 2421 1308 2512 pinnini

263 2552 359 2619 quum
380 2524 571 2592 Heraclides
591 2521 762 2586 Aeolicam
784 2519 886 2602 dicit,
913 2520 978 2586 vid.
1003 2519 1033 2610 ἓ.
1056 2523 1109 2589 46.
1125 2527 1175 2573 ’-
1214 2525 1309 2610 lupe-

155 2683 158 2694 ,
261 2629 427 2696 nativus
457 2622 636 2711 subjectiva
654 2623 757 2686 forma
784 2620 885 2686 utitur
905 2621 940 2686 in
962 2621 1036 2688 ἔσσο
1066 2623 1102 2689 S.
1127 2626 1167 2708 1,
1188 2625 1237 2692 28.
1272 2621 1334 2688 lna

263 2733 281 2797 f
285 2732 338 2796 in.
362 2729 488 2812 ἔμμεναι
508 2719 554 2812 (ᾗ
571 2725 604 2807 8,
628 2719 676 2809 3),
699 2744 782 2810 quae
802 2719 904 2786 l'orma
924 2733 1025 2788 metro
1045 2727 1228 2812 postulante
1245 2723 1310 2788 etian
1333 2711 1334 2738 ³

265 2831 301 2898 S.
324 2831 367 2898 78
386 2853 444 2918 pro
466 2825 544 2890 εἶναι
565 2825 712 2889 restituta
734 2832 801 2906 cst3
838 2845 898 2887 nec
919 2824 1026 2889 niinns
1049 2826 1214 2916 antiquam
1232 2824 1310 2890 lectio·

265 2955 338 2997 ncm
367 2927 468 3013 ἔμμεν
502 2927 587 3007 niuno
618 2925 654 2989 S.
677 2927 717 3006 2,
738 2925 761 2986 2
786 2923 1008 2989 revocavimus
1036 2949 1094 3014 pro
1122 2926 1227 3008 ἔμμεν,
1260 2919 1311 3009 quia

266 3054 431 3120 nunquam
452 3026 633 3091 inlinitivus
655 3025 690 3088 in
707 3023 758 3107 ξεῖν’
778 3023 908 3087 exit-
950 3025 1175 3116 Participii
1196 3021 1310 3092 mascnli-

265 3155 344 3198 num
366 3153 492 3217 semper
514 3136 607 3193 sonat
628 3125 705 3202 ἔων,
739 3124 860 3207 domoc,
891 3135 927 3189 ut
949 3149 1043 3214 saepe
1069 3127 1105 3191 in
1126 3128 1225 3194 Lesb.
1244 3120 1310 3198 2156,

268 3235 408 3300 Cumaeo
444 3238 476 3292 ct
506 3228 728 3313 Lampsaceno
765 3223 906 3310 legitur,
942 3238 1104 3314 praeterea
1140 3229 1254 3318 Sappb.
1276 3219 1310 3290 ii·

267 3330 477 3399 Femiuinum
509 3321 585 3391 εὖσα
618 3350 636 3390 e
668 3323 763 3390 libris
792 3325 914 3416 legitur
938 3326 973 3390 S.
996 3327 1038 3394 27
1066 3325 1166 3413 (olins
1188 3325 1274 3404 οὖσα)
1294 3328 1318 3390 tl.

267 3434 408 3499 Tbeocs.
431 3428 491 3511 28,
515 3427 556 3492 16
577 3421 664 3512 (cod.
687 3425 763 3489 Par.
787 3427 892 3502 ἕσσαν,
915 3425 1049 3494 Mediol.
1073 3431 1209 3513 ἐοῦσαν).
1249 3427 1312 3508 Quae

267 3535 370 3600 forma
391 3554 457 3597 non
485 3527 593 3593 minus
616 3526 712 3590 nobis
735 3513 978 3614 snspectaest,
1013 3515 1109 3618 quiam
1130 3531 1312 3614 θαρσείοαιῐ

270 3632 401 3702 similia.
461 3629 499 3695 Si
521 3652 584 3718 qua
605 3627 685 3692 fides
705 3638 757 3692 ¹est
778 3627 946 3696 Heraclidi
966 3634 1014 3711 21)
1027 3684 1029 3690 ,
1042 3631 1205 3716 habenda,
1232 3620 1312 3694 Aeoli·

267 3795 535 3815 --—------

303 3903 351 3968 22)
385 3895 528 3953 Heraclid.
554 3911 599 3967 ap.
617 3898 693 3952 Ense.
711 3899 792 3963 ttst,
812 3899 863 3964 4⁵,
887 3906 1030 3968 postquam
1054 3901 1090 3954 de
1107 3901 1229 3956 Aeolicis
1243 3889 1314 3968 optati

271 3983 434 4058 visuristq,
460 3987 570 4052 φρονοίη
588 3993 615 4036 et
632 3983 787 4054 participiis
804 3982 902 4052 φίλων
929 3982 1023 4053 optiva
1001 4001 1038 4039 ειι
1055 3987 1143 4040 dixit:
1170 3983 1302 4056 μήποτει
1284 3969 1314 4030 uit

272 4081 318 4130 unt
332 4073 365 4127 ro*
383 4072 425 4139 ein
443 4067 571 4138 (icipanda
567 4065 691 4121 'utente'
677 4089 748 4124 εστιν
764 4065 819 4124 uiuo*
836 4085 928 4136 cut
901 4089 928 4122 ε
919 4070 947 4123 c
963 4089 1090 4142 μετοχιι
1116 4065 1147 4139 cie
1168 4071 1245 4126 uttan
1263 4081 1313 4132 παρ·

270 4182 312 4217 τοι
301 4164 327 4214 ἰ
342 4160 468 4227 ποιηταῖς
485 4152 615 4224 εἶπώνφο
602 4152 764 4210 videreretur
778 4153 896 4225 παράγει
910 4154 1004 4224 χρῆσιν
1020 4156 1051 4222 ἐξ
1066 4155 1215 4227 Ἀλκμᾶνος
1227 4152 1256 4212 ro'
1270 4153 1314 4206 ton
