<?xml version="1.0" encoding="UTF-8"?>
<!DOCTYPE html PUBLIC "-//W3C//DTD XHTML 1.0 Transitional//EN"
    "http://www.w3.org/TR/xhtml1/DTD/xhtml1-transitional.dtd">
<html xmlns="http://www.w3.org/1999/xhtml" xml:lang="en" lang="en">
 <head>
  <title>
</title>
<meta http-equiv="Content-Type" content="text/html;charset=utf-8" />
  <meta name='ocr-system' content='tesseract 3.04.00' />
  <meta name='ocr-capabilities' content='ocr_page ocr_carea ocr_par ocr_line ocrx_word'/>
</head>
<body>
  <div class='ocr_page' id='page_1' title='image "./degraccaelingua00ahregoog_0015.png"; bbox 0 0 2748 4832; ppageno 0'>
   <div class='ocr_carea' id='block_1_1' title="bbox 195 229 281 305">
    <p class='ocr_par' dir='ltr' id='par_1_1' title="bbox 195 229 281 305">
     <span class='ocr_line' id='line_1_1' title="bbox 195 229 281 305; baseline -0.07 0"><span class='ocrx_word' id='word_1_1' title='bbox 195 229 281 305; x_wconf 90' lang='lat' dir='ltr'><strong>Vlll</strong></span> 
     </span>
    </p>
   </div>
   <div class='ocr_carea' id='block_1_2' title="bbox 127 389 1285 2571">
    <p class='ocr_par' dir='ltr' id='par_1_2' title="bbox 127 389 1285 2571">
     <span class='ocr_line' id='line_1_2' title="bbox 194 389 1276 527; baseline 0.006 -29"><span class='ocrx_word' id='word_1_2' title='bbox 194 455 256 498; x_wconf 90' lang='lat' dir='ltr'><strong>nus</strong></span> <span class='ocrx_word' id='word_1_3' title='bbox 286 413 411 500; x_wconf 84' lang='lat' dir='ltr'><strong>nostras</strong></span> <span class='ocrx_word' id='word_1_4' title='bbox 437 433 832 524; x_wconf 82' lang='lat' dir='ltr'><strong>incidit-Pctmpolltanae</strong></span> <span class='ocrx_word' id='word_1_5' title='bbox 852 389 1045 502; x_wconf 77' lang='lat' dir='ltr'><strong>Academiie</strong></span> <span class='ocrx_word' id='word_1_6' title='bbox 1076 437 1276 527; x_wconf 82' lang='lat' dir='ltr'><strong>provocatio,</strong></span> 
     </span>
     <span class='ocr_line' id='line_1_3' title="bbox 194 555 1285 664; baseline 0.009 -30"><span class='ocrx_word' id='word_1_7' title='bbox 194 595 258 659; x_wconf 86' lang='lat' dir='ltr'><strong>qua</strong></span> <span class='ocrx_word' id='word_1_8' title='bbox 274 571 422 637; x_wconf 71' lang='lat' dir='ltr'><strong>&#39;omnium</strong></span> <span class='ocrx_word' id='word_1_9' title='bbox 447 583 603 637; x_wconf 86' lang='lat' dir='ltr'><strong>terrarum</strong></span> <span class='ocrx_word' id='word_1_10' title='bbox 623 572 710 636; x_wconf 87' lang='lat' dir='ltr'><strong>docti</strong></span> <span class='ocrx_word' id='word_1_11' title='bbox 730 571 791 636; x_wconf 85' lang='lat' dir='ltr'><strong>viri</strong></span> <span class='ocrx_word' id='word_1_12' title='bbox 811 572 908 639; x_wconf 87' lang='lat' dir='ltr'><strong>exciti</strong></span> <span class='ocrx_word' id='word_1_13' title='bbox 937 586 1030 658; x_wconf 89' lang='lat' dir='ltr'><strong>sunt,</strong></span> <span class='ocrx_word' id='word_1_14' title='bbox 1066 584 1103 637; x_wconf 91' lang='lat' dir='ltr'><strong>ut</strong></span> <span class='ocrx_word' id='word_1_15' title='bbox 1122 575 1221 664; x_wconf 90' lang='lat' dir='ltr'><strong>pleno</strong></span> <span class='ocrx_word' id='word_1_16' title='bbox 1245 555 1285 644; x_wconf 84' lang='lat' dir='ltr'><strong>et</strong></span> 
     </span>
     <span class='ocr_line' id='line_1_4' title="bbox 194 684 1277 804; baseline 0.002 -30"><span class='ocrx_word' id='word_1_17' title='bbox 194 684 342 774; x_wconf 76' lang='lat' dir='ltr'><strong>alasolnto</strong></span> <span class='ocrx_word' id='word_1_18' title='bbox 364 708 557 794; x_wconf 85' lang='lat' dir='ltr'><strong>Graecarum</strong></span> <span class='ocrx_word' id='word_1_19' title='bbox 579 709 786 775; x_wconf 85' lang='lat' dir='ltr'><strong>dialectorum</strong></span> <span class='ocrx_word' id='word_1_20' title='bbox 807 732 939 799; x_wconf 85' lang='lat' dir='ltr'><strong>corpore</strong></span> <span class='ocrx_word' id='word_1_21' title='bbox 961 685 1108 779; x_wconf 77' lang='lat' dir='ltr'><strong>confecto</strong></span> <span class='ocrx_word' id='word_1_22' title='bbox 1128 724 1165 804; x_wconf 81' lang='lat' dir='ltr'><strong>et</strong></span> <span class='ocrx_word' id='word_1_23' title='bbox 1191 712 1277 777; x_wconf 88' lang='lat' dir='ltr'><strong>anti·</strong></span> 
     </span>
     <span class='ocr_line' id='line_1_5' title="bbox 194 811 1279 936; baseline 0.002 -26"><span class='ocrx_word' id='word_1_24' title='bbox 194 846 367 936; x_wconf 90' lang='lat' dir='ltr'><strong>quissimae</strong></span> <span class='ocrx_word' id='word_1_25' title='bbox 389 845 530 912; x_wconf 76' lang='lat' dir='ltr'><strong>Graecae</strong></span> <span class='ocrx_word' id='word_1_26' title='bbox 551 845 682 934; x_wconf 73' lang='lat' dir='ltr'><strong>linguae</strong></span> <span class='ocrx_word' id='word_1_27' title='bbox 702 811 825 910; x_wconf 80' lang='lat' dir='ltr'><strong>ratione</strong></span> <span class='ocrx_word' id='word_1_28' title='bbox 846 844 922 909; x_wconf 92' lang='lat' dir='ltr'><strong>indc</strong></span> <span class='ocrx_word' id='word_1_29' title='bbox 941 846 1100 930; x_wconf 79' lang='lat' dir='ltr'><strong>illustrata</strong></span> <span class='ocrx_word' id='word_1_30' title='bbox 1121 847 1161 912; x_wconf 89' lang='lat' dir='ltr'><strong>de</strong></span> <span class='ocrx_word' id='word_1_31' title='bbox 1182 871 1279 936; x_wconf 82' lang='lat' dir='ltr'><strong>prae-</strong></span> 
     </span>
     <span class='ocr_line' id='line_1_6' title="bbox 186 981 1279 1072; baseline 0.002 -24"><span class='ocrx_word' id='word_1_32' title='bbox 186 983 259 1070; x_wconf 82' lang='lat' dir='ltr'><strong>mio</strong></span> <span class='ocrx_word' id='word_1_33' title='bbox 291 981 415 1072; x_wconf 62' lang='lat' dir='ltr'><strong>insigni</strong></span> <span class='ocrx_word' id='word_1_34' title='bbox 443 981 662 1046; x_wconf 82' lang='lat' dir='ltr'><strong>munificentia</strong></span> <span class='ocrx_word' id='word_1_35' title='bbox 689 981 855 1070; x_wconf 89' lang='lat' dir='ltr'><strong>proposito</strong></span> <span class='ocrx_word' id='word_1_36' title='bbox 884 991 1051 1047; x_wconf 75' lang='lat' dir='ltr'><strong>certarent.</strong></span> <span class='ocrx_word' id='word_1_37' title='bbox 1117 981 1279 1064; x_wconf 79' lang='lat' dir='ltr'><strong>Quaestio</strong></span> 
     </span>
     <span class='ocr_line' id='line_1_7' title="bbox 193 1113 1279 1220; baseline -0.003 -33"><span class='ocrx_word' id='word_1_38' title='bbox 193 1125 357 1212; x_wconf 82' lang='lat' dir='ltr'><strong>proposita</strong></span> <span class='ocrx_word' id='word_1_39' title='bbox 391 1123 434 1186; x_wconf 86' lang='lat' dir='ltr'><strong>ita</strong></span> <span class='ocrx_word' id='word_1_40' title='bbox 463 1113 646 1220; x_wconf 81' lang='lat' dir='ltr'><strong>nostrorum</strong></span> <span class='ocrx_word' id='word_1_41' title='bbox 674 1119 852 1189; x_wconf 73' lang='lat' dir='ltr'><strong>studiorum</strong></span> <span class='ocrx_word' id='word_1_42' title='bbox 869 1117 1001 1182; x_wconf 84' lang='lat' dir='ltr'><strong>-rationi</strong></span> <span class='ocrx_word' id='word_1_43' title='bbox 1029 1119 1198 1196; x_wconf 85' lang='lat' dir='ltr'><strong>convenit,</strong></span> <span class='ocrx_word' id='word_1_44' title='bbox 1240 1129 1279 1184; x_wconf 92' lang='lat' dir='ltr'><strong>ut</strong></span> 
     </span>
     <span class='ocr_line' id='line_1_8' title="bbox 172 1249 1278 1349; baseline -0.014 -23"><span class='ocrx_word' id='word_1_45' title='bbox 172 1249 587 1349; x_wconf 50' lang='lat' dir='ltr'><strong>¹primo¹ialelicissimum</strong></span> <span class='ocrx_word' id='word_1_46' title='bbox 608 1277 717 1320; x_wconf 88' lang='lat' dir='ltr'><strong>casum</strong></span> <span class='ocrx_word' id='word_1_47' title='bbox 738 1276 996 1338; x_wconf 70' lang='lat' dir='ltr'><strong>exsecraremur,</strong></span> <span class='ocrx_word' id='word_1_48' title='bbox 1028 1279 1094 1344; x_wconf 75' lang='lat' dir='ltr'><strong>quo</strong></span> <span class='ocrx_word' id='word_1_49' title='bbox 1120 1268 1194 1346; x_wconf 76' lang='lat' dir='ltr'><strong>post</strong></span> <span class='ocrx_word' id='word_1_50' title='bbox 1215 1281 1278 1324; x_wconf 64' lang='lat' dir='ltr'><strong>an.</strong></span> 
     </span>
     <span class='ocr_line' id='line_1_9' title="bbox 127 1372 1276 1484; baseline -0.001 -23"><span class='ocrx_word' id='word_1_51' title='bbox 127 1372 134 1379; x_wconf 20' lang='lat' dir='ltr'><strong>i</strong></span> <span class='ocrx_word' id='word_1_52' title='bbox 193 1421 270 1461; x_wconf 90' lang='lat' dir='ltr'><strong>num</strong></span> <span class='ocrx_word' id='word_1_53' title='bbox 287 1396 414 1460; x_wconf 90' lang='lat' dir='ltr'><strong>demum</strong></span> <span class='ocrx_word' id='word_1_54' title='bbox 426 1405 572 1460; x_wconf 84' lang='lat' dir='ltr'><strong>exactum</strong></span> <span class='ocrx_word' id='word_1_55' title='bbox 585 1393 768 1484; x_wconf 84' lang='lat' dir='ltr'><strong>provocatio</strong></span> <span class='ocrx_word' id='word_1_56' title='bbox 781 1393 838 1460; x_wconf 88' lang='lat' dir='ltr'><strong>illa</strong></span> <span class='ocrx_word' id='word_1_57' title='bbox 855 1393 891 1456; x_wconf 92' lang='lat' dir='ltr'><strong>in</strong></span> <span class='ocrx_word' id='word_1_58' title='bbox 909 1393 1115 1459; x_wconf 77' lang='lat' dir='ltr'><strong>solitudinem</strong></span> <span class='ocrx_word' id='word_1_59' title='bbox 1129 1405 1276 1460; x_wconf 85' lang='lat' dir='ltr'><strong>nostram</strong></span> 
     </span>
     <span class='ocr_line' id='line_1_10' title="bbox 193 1531 1277 1621; baseline -0.001 -25"><span class='ocrx_word' id='word_1_60' title='bbox 193 1533 372 1599; x_wconf 81' lang='lat' dir='ltr'><strong>silvestrem</strong></span> <span class='ocrx_word' id='word_1_61' title='bbox 400 1532 523 1621; x_wconf 84' lang='lat' dir='ltr'><strong>perlata</strong></span> <span class='ocrx_word' id='word_1_62' title='bbox 543 1542 611 1614; x_wconf 85' lang='lat' dir='ltr'><strong>est,</strong></span> <span class='ocrx_word' id='word_1_63' title='bbox 643 1531 763 1621; x_wconf 85' lang='lat' dir='ltr'><strong>quippe</strong></span> <span class='ocrx_word' id='word_1_64' title='bbox 784 1531 862 1619; x_wconf 87' lang='lat' dir='ltr'><strong>qui,</strong></span> <span class='ocrx_word' id='word_1_65' title='bbox 895 1555 993 1620; x_wconf 87' lang='lat' dir='ltr'><strong>quum</strong></span> <span class='ocrx_word' id='word_1_66' title='bbox 1021 1531 1065 1620; x_wconf 45' lang='lat'><strong>5¹¹2</strong></span> <span class='ocrx_word' id='word_1_67' title='bbox 1084 1531 1277 1620; x_wconf 75' lang='lat' dir='ltr'><strong>gravissima</strong></span> 
     </span>
     <span class='ocr_line' id='line_1_11' title="bbox 192 1665 1278 1758; baseline -0.002 -24"><span class='ocrx_word' id='word_1_68' title='bbox 192 1669 299 1758; x_wconf 88' lang='lat' dir='ltr'><strong>operis</strong></span> <span class='ocrx_word' id='word_1_69' title='bbox 326 1675 415 1756; x_wconf 88' lang='lat' dir='ltr'><strong>parte</strong></span> <span class='ocrx_word' id='word_1_70' title='bbox 439 1667 509 1753; x_wconf 83' lang='lat' dir='ltr'><strong>jant</strong></span> <span class='ocrx_word' id='word_1_71' title='bbox 538 1665 593 1730; x_wconf 89' lang='lat' dir='ltr'><strong>diu</strong></span> <span class='ocrx_word' id='word_1_72' title='bbox 620 1665 736 1730; x_wconf 85' lang='lat' dir='ltr'><strong>versati</strong></span> <span class='ocrx_word' id='word_1_73' title='bbox 765 1665 930 1749; x_wconf 61' lang='lat' dir='ltr'><strong>memus,</strong></span> <span class='ocrx_word' id='word_1_74' title='bbox 962 1666 1128 1756; x_wconf 89' lang='lat' dir='ltr'><strong>plerisque</strong></span> <span class='ocrx_word' id='word_1_75' title='bbox 1154 1667 1278 1732; x_wconf 83' lang='lat' dir='ltr'><strong>melius</strong></span> 
     </span>
     <span class='ocr_line' id='line_1_12' title="bbox 191 1793 1283 1898; baseline 0.001 -28"><span class='ocrx_word' id='word_1_76' title='bbox 191 1804 340 1898; x_wconf 80' lang='lat' dir='ltr'><strong>instructi</strong></span> <span class='ocrx_word' id='word_1_77' title='bbox 367 1803 402 1870; x_wconf 94' lang='lat' dir='ltr'><strong>in</strong></span> <span class='ocrx_word' id='word_1_78' title='bbox 424 1825 552 1868; x_wconf 83' lang='lat' dir='ltr'><strong>arenam</strong></span> <span class='ocrx_word' id='word_1_79' title='bbox 572 1802 758 1868; x_wconf 86' lang='lat' dir='ltr'><strong>descensuri</strong></span> <span class='ocrx_word' id='word_1_80' title='bbox 780 1802 1081 1880; x_wconf 24' lang='lat' dir='ltr'><strong>luissclvideremnr</strong></span> <span class='ocrx_word' id='word_1_81' title='bbox 1093 1793 1122 1888; x_wconf 55' lang='lat' dir='ltr'><strong>,s</strong></span> <span class='ocrx_word' id='word_1_82' title='bbox 1141 1805 1283 1890; x_wconf 77' lang='lat' dir='ltr'><strong>deinde,</strong></span> 
     </span>
     <span class='ocr_line' id='line_1_13' title="bbox 192 1939 1276 2032; baseline 0.001 -24"><span class='ocrx_word' id='word_1_83' title='bbox 192 1941 299 2031; x_wconf 89' lang='lat' dir='ltr'><strong>operis</strong></span> <span class='ocrx_word' id='word_1_84' title='bbox 329 1965 437 2009; x_wconf 86' lang='lat' dir='ltr'><strong>amore</strong></span> <span class='ocrx_word' id='word_1_85' title='bbox 463 1939 559 2016; x_wconf 60' lang='lat' dir='ltr'><strong>uicti,</strong></span> <span class='ocrx_word' id='word_1_86' title='bbox 600 1963 800 2029; x_wconf 83' lang='lat' dir='ltr'><strong>quamquam</strong></span> <span class='ocrx_word' id='word_1_87' title='bbox 820 1950 921 2005; x_wconf 83' lang='lat' dir='ltr'><strong>toturn</strong></span> <span class='ocrx_word' id='word_1_88' title='bbox 949 1941 1060 2028; x_wconf 88' lang='lat' dir='ltr'><strong>perlici</strong></span> <span class='ocrx_word' id='word_1_89' title='bbox 1088 1967 1154 2008; x_wconf 93' lang='lat' dir='ltr'><strong>non</strong></span> <span class='ocrx_word' id='word_1_90' title='bbox 1174 1969 1276 2032; x_wconf 87' lang='lat' dir='ltr'><strong>posse</strong></span> 
     </span>
     <span class='ocr_line' id='line_1_14' title="bbox 137 2065 1276 2169; baseline 0.004 -27"><span class='ocrx_word' id='word_1_91' title='bbox 137 2127 139 2132; x_wconf 84' lang='grc'><strong>-</strong></span> <span class='ocrx_word' id='word_1_92' title='bbox 193 2080 269 2146; x_wconf 86' lang='lat' dir='ltr'><strong>satis</strong></span> <span class='ocrx_word' id='word_1_93' title='bbox 296 2079 445 2166; x_wconf 55' lang='lat' dir='ltr'><strong>pffebat,</strong></span> <span class='ocrx_word' id='word_1_94' title='bbox 482 2075 715 2156; x_wconf 81' lang='lat' dir='ltr'><strong>dubitavimus,</strong></span> <span class='ocrx_word' id='word_1_95' title='bbox 749 2090 900 2161; x_wconf 86' lang='lat' dir='ltr'><strong>possetne</strong></span> <span class='ocrx_word' id='word_1_96' title='bbox 934 2065 1022 2162; x_wconf 81' lang='lat' dir='ltr'><strong>fieri,</strong></span> <span class='ocrx_word' id='word_1_97' title='bbox 1061 2089 1098 2144; x_wconf 91' lang='lat' dir='ltr'><strong>ut</strong></span> <span class='ocrx_word' id='word_1_98' title='bbox 1125 2082 1276 2169; x_wconf 76' lang='lat' dir='ltr'><strong>graviore</strong></span> 
     </span>
     <span class='ocr_line' id='line_1_15' title="bbox 191 2195 1275 2306; baseline 0.006 -28"><span class='ocrx_word' id='word_1_99' title='bbox 191 2223 281 2304; x_wconf 89' lang='lat' dir='ltr'><strong>parte</strong></span> <span class='ocrx_word' id='word_1_100' title='bbox 302 2195 447 2306; x_wconf 78' lang='lat' dir='ltr'><strong>absoluta</strong></span> <span class='ocrx_word' id='word_1_101' title='bbox 469 2203 609 2298; x_wconf 80' lang='lat' dir='ltr'><strong>aliquem</strong></span> <span class='ocrx_word' id='word_1_102' title='bbox 630 2209 757 2274; x_wconf 86' lang='lat' dir='ltr'><strong>laudem</strong></span> <span class='ocrx_word' id='word_1_103' title='bbox 779 2221 1034 2297; x_wconf 74' lang='lat' dir='ltr'><strong>reportaremuS,</strong></span> <span class='ocrx_word' id='word_1_104' title='bbox 1059 2228 1090 2280; x_wconf 86' lang='lat' dir='ltr'><strong>et</strong></span> <span class='ocrx_word' id='word_1_105' title='bbox 1107 2218 1275 2306; x_wconf 84' lang='lat' dir='ltr'><strong>intrepido</strong></span> 
     </span>
     <span class='ocr_line' id='line_1_16' title="bbox 191 2316 1276 2437; baseline 0.004 -26"><span class='ocrx_word' id='word_1_106' title='bbox 191 2347 379 2412; x_wconf 80' lang='lat' dir='ltr'><strong>animo-nos</strong></span> <span class='ocrx_word' id='word_1_107' title='bbox 400 2343 612 2408; x_wconf 84' lang='lat' dir='ltr'><strong>adcinximus.</strong></span> <span class='ocrx_word' id='word_1_108' title='bbox 667 2316 745 2432; x_wconf 72' lang='lat' dir='ltr'><strong>lllox</strong></span> <span class='ocrx_word' id='word_1_109' title='bbox 766 2342 1001 2422; x_wconf 84' lang='lat' dir='ltr'><strong>intelleximus,</strong></span> <span class='ocrx_word' id='word_1_110' title='bbox 1024 2345 1068 2411; x_wconf 82' lang='lat' dir='ltr'><strong>itu</strong></span> <span class='ocrx_word' id='word_1_111' title='bbox 1088 2371 1153 2412; x_wconf 93' lang='lat' dir='ltr'><strong>uon</strong></span> <span class='ocrx_word' id='word_1_112' title='bbox 1174 2373 1276 2437; x_wconf 85' lang='lat' dir='ltr'><strong>posse</strong></span> 
     </span>
     <span class='ocr_line' id='line_1_17' title="bbox 150 2471 1273 2571; baseline 0.002 -20"><span class='ocrx_word' id='word_1_113' title='bbox 150 2471 151 2476; x_wconf 8' lang='grc' dir='ltr'>ἵ</span> <span class='ocrx_word' id='word_1_114' title='bbox 193 2484 328 2551; x_wconf 88' lang='lat' dir='ltr'><strong>aliorum</strong></span> <span class='ocrx_word' id='word_1_115' title='bbox 341 2481 486 2571; x_wconf 74' lang='lat' dir='ltr'><strong>vestigiis</strong></span> <span class='ocrx_word' id='word_1_116' title='bbox 507 2480 627 2562; x_wconf 90' lang='lat' dir='ltr'><strong>insisti,</strong></span> <span class='ocrx_word' id='word_1_117' title='bbox 650 2480 707 2546; x_wconf 90' lang='lat' dir='ltr'><strong>scd</strong></span> <span class='ocrx_word' id='word_1_118' title='bbox 721 2479 828 2545; x_wconf 87' lang='lat' dir='ltr'><strong>omnia</strong></span> <span class='ocrx_word' id='word_1_119' title='bbox 847 2481 978 2570; x_wconf 83' lang='lat' dir='ltr'><strong>proprio</strong></span> <span class='ocrx_word' id='word_1_120' title='bbox 998 2482 1106 2548; x_wconf 85' lang='lat' dir='ltr'><strong>labore</strong></span> <span class='ocrx_word' id='word_1_121' title='bbox 1128 2508 1199 2551; x_wconf 86' lang='lat' dir='ltr'><strong>esse</strong></span> <span class='ocrx_word' id='word_1_122' title='bbox 1221 2511 1273 2554; x_wconf 90' lang='lat' dir='ltr'><strong>re-</strong></span> 
     </span>
    </p>
   </div>
   <div class='ocr_carea' id='block_1_3' title="bbox 193 2616 1275 2703">
    <p class='ocr_par' dir='ltr' id='par_1_3' title="bbox 193 2616 1275 2703">
     <span class='ocr_line' id='line_1_18' title="bbox 193 2616 1275 2703; baseline 0.001 -15"><span class='ocrx_word' id='word_1_123' title='bbox 193 2621 374 2703; x_wconf 86' lang='lat' dir='ltr'><strong>tractanda,</strong></span> <span class='ocrx_word' id='word_1_124' title='bbox 401 2632 456 2702; x_wconf 89' lang='lat' dir='ltr'><strong>ut,</strong></span> <span class='ocrx_word' id='word_1_125' title='bbox 490 2618 519 2682; x_wconf 88' lang='lat' dir='ltr'><strong>si</strong></span> <span class='ocrx_word' id='word_1_126' title='bbox 545 2616 658 2702; x_wconf 84' lang='lat' dir='ltr'><strong>uobis,</strong></span> <span class='ocrx_word' id='word_1_127' title='bbox 693 2619 813 2682; x_wconf 92' lang='lat' dir='ltr'><strong>nedum</strong></span> <span class='ocrx_word' id='word_1_128' title='bbox 841 2619 1056 2703; x_wconf 88' lang='lat' dir='ltr'><strong>doctioribus,</strong></span> <span class='ocrx_word' id='word_1_129' title='bbox 1087 2621 1275 2690; x_wconf 83' lang='lat' dir='ltr'><strong>satisfacere</strong></span> 
     </span>
    </p>
   </div>
   <div class='ocr_carea' id='block_1_4' title="bbox 193 2734 1272 2854">
    <p class='ocr_par' dir='ltr' id='par_1_4' title="bbox 193 2734 1272 2854">
     <span class='ocr_line' id='line_1_19' title="bbox 193 2734 1272 2854; baseline -0.003 -30"><span class='ocrx_word' id='word_1_130' title='bbox 193 2757 369 2840; x_wconf 81' lang='lat' dir='ltr'><strong>vellemus,</strong></span> <span class='ocrx_word' id='word_1_131' title='bbox 396 2755 553 2844; x_wconf 73' lang='lat' dir='ltr'><strong>integram</strong></span> <span class='ocrx_word' id='word_1_132' title='bbox 582 2734 801 2842; x_wconf 65' lang='lat' dir='ltr'><strong>quaestionem</strong></span> <span class='ocrx_word' id='word_1_133' title='bbox 823 2754 878 2854; x_wconf 66' lang='lat' dir='ltr'><strong>vix</strong></span> <span class='ocrx_word' id='word_1_134' title='bbox 899 2747 1018 2820; x_wconf 81' lang='lat' dir='ltr'><strong>decem</strong></span> <span class='ocrx_word' id='word_1_135' title='bbox 1038 2779 1192 2821; x_wconf 84' lang='lat' dir='ltr'><strong>annorum</strong></span> <span class='ocrx_word' id='word_1_136' title='bbox 1221 2758 1272 2822; x_wconf 91' lang='lat' dir='ltr'><strong>iu-</strong></span> 
     </span>
    </p>
   </div>
   <div class='ocr_carea' id='block_1_5' title="bbox 136 2887 1295 3935">
    <p class='ocr_par' dir='ltr' id='par_1_5' title="bbox 195 2887 1295 3114">
     <span class='ocr_line' id='line_1_20' title="bbox 195 2887 1272 2991; baseline -0.002 -33"><span class='ocrx_word' id='word_1_137' title='bbox 195 2891 322 2958; x_wconf 83' lang='lat' dir='ltr'><strong>defesso</strong></span> <span class='ocrx_word' id='word_1_138' title='bbox 343 2887 470 2973; x_wconf 83' lang='lat' dir='ltr'><strong>laboro,</strong></span> <span class='ocrx_word' id='word_1_139' title='bbox 501 2914 566 2954; x_wconf 90' lang='lat' dir='ltr'><strong>uuo</strong></span> <span class='ocrx_word' id='word_1_140' title='bbox 585 2913 672 2991; x_wconf 82' lang='lat' dir='ltr'><strong>anno</strong></span> <span class='ocrx_word' id='word_1_141' title='bbox 697 2890 854 2954; x_wconf 85' lang='lat' dir='ltr'><strong>tantillam</strong></span> <span class='ocrx_word' id='word_1_142' title='bbox 881 2900 1001 2977; x_wconf 88' lang='lat' dir='ltr'><strong>partem</strong></span> <span class='ocrx_word' id='word_1_143' title='bbox 1022 2890 1199 2959; x_wconf 78' lang='lat' dir='ltr'><strong>absoluturi</strong></span> <span class='ocrx_word' id='word_1_144' title='bbox 1221 2917 1272 2958; x_wconf 88' lang='lat' dir='ltr'><strong>es·</strong></span> 
     </span>
     <span class='ocr_line' id='line_1_21' title="bbox 195 2987 1295 3114; baseline -0.002 -20"><span class='ocrx_word' id='word_1_145' title='bbox 195 3045 321 3110; x_wconf 88' lang='lat' dir='ltr'><strong>semus,</strong></span> <span class='ocrx_word' id='word_1_146' title='bbox 351 3023 728 3113; x_wconf 82' lang='lat' dir='ltr'><strong>quamPetropolitauae</strong></span> <span class='ocrx_word' id='word_1_147' title='bbox 748 3021 941 3088; x_wconf 80' lang='lat' dir='ltr'><strong>Academiae</strong></span> <span class='ocrx_word' id='word_1_148' title='bbox 965 3024 1091 3110; x_wconf 65' lang='lat' dir='ltr'><strong>jnffieio</strong></span> <span class='ocrx_word' id='word_1_149' title='bbox 1113 2987 1295 3114; x_wconf 26' lang='lat' dir='ltr'><strong>subjicere.</strong></span> 
     </span>
    </p>

    <p class='ocr_par' dir='ltr' id='par_1_6' title="bbox 136 3128 1274 3935">
     <span class='ocr_line' id='line_1_22' title="bbox 193 3128 1273 3228; baseline -0.002 0"><span class='ocrx_word' id='word_1_150' title='bbox 193 3161 366 3228; x_wconf 90' lang='lat' dir='ltr'><strong>ridiculum</strong></span> <span class='ocrx_word' id='word_1_151' title='bbox 396 3156 569 3226; x_wconf 85' lang='lat' dir='ltr'><strong>videretur.</strong></span> <span class='ocrx_word' id='word_1_152' title='bbox 634 3155 693 3218; x_wconf 84' lang='lat' dir='ltr'><strong>lta&#39;</strong></span> <span class='ocrx_word' id='word_1_153' title='bbox 714 3163 818 3218; x_wconf 89' lang='lat' dir='ltr'><strong>tamen</strong></span> <span class='ocrx_word' id='word_1_154' title='bbox 851 3128 973 3220; x_wconf 70' lang='lat' dir='ltr'><strong>interdu</strong></span> <span class='ocrx_word' id='word_1_155' title='bbox 999 3159 1060 3222; x_wconf 91' lang='lat' dir='ltr'><strong>hoc</strong></span> <span class='ocrx_word' id='word_1_156' title='bbox 1093 3160 1273 3226; x_wconf 88' lang='lat' dir='ltr'><strong>studiorum</strong></span> 
     </span>
     <span class='ocr_line' id='line_1_23' title="bbox 136 3255 1273 3388; baseline 0 -26"><span class='ocrx_word' id='word_1_157' title='bbox 136 3255 139 3264; x_wconf 19' lang='grc' dir='ltr'>Α</span> <span class='ocrx_word' id='word_1_158' title='bbox 196 3316 299 3388; x_wconf 69' lang='lat' dir='ltr'><strong>genus</strong></span> <span class='ocrx_word' id='word_1_159' title='bbox 312 3295 568 3360; x_wconf 87' lang='lat' dir='ltr'><strong>adamaveramns</strong></span> <span class='ocrx_word' id='word_1_160' title='bbox 588 3291 698 3378; x_wconf 78' lang='lat' dir='ltr'><strong>totque</strong></span> <span class='ocrx_word' id='word_1_161' title='bbox 717 3309 800 3354; x_wconf 60' lang='lat' dir='ltr'><strong>nerra</strong></span> <span class='ocrx_word' id='word_1_162' title='bbox 820 3302 851 3355; x_wconf 87' lang='lat' dir='ltr'><strong>et</strong></span> <span class='ocrx_word' id='word_1_163' title='bbox 873 3288 966 3356; x_wconf 87' lang='lat' dir='ltr'><strong>utilia</strong></span> <span class='ocrx_word' id='word_1_164' title='bbox 986 3291 1020 3374; x_wconf 89' lang='lat' dir='ltr'><strong>in</strong></span> <span class='ocrx_word' id='word_1_165' title='bbox 1041 3317 1077 3358; x_wconf 88' lang='lat' dir='ltr'><strong>re</strong></span> <span class='ocrx_word' id='word_1_166' title='bbox 1096 3319 1273 3382; x_wconf 89' lang='lat' dir='ltr'><strong>paucorum</strong></span> 
     </span>
     <span class='ocr_line' id='line_1_24' title="bbox 194 3415 1272 3516; baseline -0.002 -18"><span class='ocrx_word' id='word_1_167' title='bbox 194 3430 473 3498; x_wconf 73' lang='lat' dir='ltr'><strong>studiisdelibuta</strong></span> <span class='ocrx_word' id='word_1_168' title='bbox 492 3425 582 3492; x_wconf 84' lang='lat' dir='ltr'><strong>brevi</strong></span> <span class='ocrx_word' id='word_1_169' title='bbox 602 3415 744 3516; x_wconf 81' lang='lat' dir='ltr'><strong>tempore</strong></span> <span class='ocrx_word' id='word_1_170' title='bbox 765 3426 906 3514; x_wconf 86' lang='lat' dir='ltr'><strong>reperire</strong></span> <span class='ocrx_word' id='word_1_171' title='bbox 934 3427 1027 3504; x_wconf 75' lang='lat' dir='ltr'><strong>nohis</strong></span> <span class='ocrx_word' id='word_1_172' title='bbox 1050 3429 1112 3495; x_wconf 87' lang='lat' dir='ltr'><strong>visi</strong></span> <span class='ocrx_word' id='word_1_173' title='bbox 1132 3454 1272 3515; x_wconf 86' lang='lat' dir='ltr'><strong>eramus,</strong></span> 
     </span>
     <span class='ocr_line' id='line_1_25' title="bbox 195 3549 1274 3656; baseline -0.006 -20"><span class='ocrx_word' id='word_1_174' title='bbox 195 3583 317 3636; x_wconf 90' lang='lat' dir='ltr'><strong>utnon</strong></span> <span class='ocrx_word' id='word_1_175' title='bbox 338 3564 503 3656; x_wconf 68' lang='lat' dir='ltr'><strong>possemus</strong></span> <span class='ocrx_word' id='word_1_176' title='bbox 524 3559 623 3625; x_wconf 50' lang='lat' dir='ltr'><strong>uoltis*</strong></span> <span class='ocrx_word' id='word_1_177' title='bbox 638 3572 834 3647; x_wconf 84' lang='lat' dir='ltr'><strong>temperare,</strong></span> <span class='ocrx_word' id='word_1_178' title='bbox 863 3560 941 3648; x_wconf 87' lang='lat' dir='ltr'><strong>quin</strong></span> <span class='ocrx_word' id='word_1_179' title='bbox 964 3549 996 3625; x_wconf 79' lang='lat' dir='ltr'><strong>el</strong></span> <span class='ocrx_word' id='word_1_180' title='bbox 1014 3562 1274 3630; x_wconf 78' lang='lat' dir='ltr'><strong>continuaremus</strong></span> 
     </span>
     <span class='ocr_line' id='line_1_26' title="bbox 195 3675 1273 3808; baseline -0.011 -37"><span class='ocrx_word' id='word_1_181' title='bbox 195 3732 275 3800; x_wconf 85' lang='lat' dir='ltr'><strong>opus</strong></span> <span class='ocrx_word' id='word_1_182' title='bbox 303 3705 466 3808; x_wconf 48' lang='lat' dir='ltr'><strong>inevtum</strong></span> <span class='ocrx_word' id='word_1_183' title='bbox 487 3711 519 3762; x_wconf 87' lang='lat' dir='ltr'><strong>et</strong></span> <span class='ocrx_word' id='word_1_184' title='bbox 549 3695 651 3790; x_wconf 77' lang='lat' dir='ltr'><strong>upstri</strong></span> <span class='ocrx_word' id='word_1_185' title='bbox 682 3677 1071 3786; x_wconf 36' lang='lat' dir='ltr'><strong>lahoris&#39;qurleseumqnc</strong></span> <span class='ocrx_word' id='word_1_186' title='bbox 1092 3675 1216 3766; x_wconf 83' lang='lat' dir='ltr'><strong>fructus</strong></span> <span class='ocrx_word' id='word_1_187' title='bbox 1236 3699 1273 3762; x_wconf 90' lang='lat' dir='ltr'><strong>in</strong></span> 
     </span>
     <span class='ocr_line' id='line_1_27' title="bbox 196 3829 1273 3935; baseline -0.021 -24"><span class='ocrx_word' id='word_1_188' title='bbox 196 3841 360 3935; x_wconf 88' lang='lat' dir='ltr'><strong>publicum</strong></span> <span class='ocrx_word' id='word_1_189' title='bbox 382 3836 476 3902; x_wconf 83' lang='lat' dir='ltr'><strong>edere</strong></span> <span class='ocrx_word' id='word_1_190' title='bbox 498 3830 775 3932; x_wconf 82' lang='lat' dir='ltr'><strong>constitueremus.</strong></span> <span class='ocrx_word' id='word_1_191' title='bbox 835 3829 949 3920; x_wconf 88' lang='lat' dir='ltr'><strong>Neque</strong></span> <span class='ocrx_word' id='word_1_192' title='bbox 977 3842 1081 3902; x_wconf 79' lang='lat' dir='ltr'><strong>tamen</strong></span> <span class='ocrx_word' id='word_1_193' title='bbox 1102 3837 1273 3925; x_wconf 79' lang='lat' dir='ltr'><strong>reprehen.</strong></span> 
     </span>
    </p>
   </div>
   <div class='ocr_carea' id='block_1_6' title="bbox 197 3968 1327 4063">
    <p class='ocr_par' dir='ltr' id='par_1_7' title="bbox 197 3968 1327 4063">
     <span class='ocr_line' id='line_1_28' title="bbox 197 3968 1327 4063; baseline -0.003 -22"><span class='ocrx_word' id='word_1_194' title='bbox 197 3980 319 4046; x_wconf 76' lang='lat' dir='ltr'><strong>sionem</strong></span> <span class='ocrx_word' id='word_1_195' title='bbox 341 3987 395 4040; x_wconf 86' lang='lat' dir='ltr'><strong>aut</strong></span> <span class='ocrx_word' id='word_1_196' title='bbox 415 3992 587 4063; x_wconf 85' lang='lat' dir='ltr'><strong>possumus</strong></span> <span class='ocrx_word' id='word_1_197' title='bbox 608 3980 663 4033; x_wconf 85' lang='lat' dir='ltr'><strong>aut</strong></span> <span class='ocrx_word' id='word_1_198' title='bbox 682 3969 830 4036; x_wconf 88' lang='lat' dir='ltr'><strong>volumus</strong></span> <span class='ocrx_word' id='word_1_199' title='bbox 851 3968 1036 4057; x_wconf 84' lang='lat' dir='ltr'><strong>deprecari,</strong></span> <span class='ocrx_word' id='word_1_200' title='bbox 1059 3973 1088 4038; x_wconf 90' lang='lat' dir='ltr'><strong>si</strong></span> <span class='ocrx_word' id='word_1_201' title='bbox 1108 3974 1190 4038; x_wconf 81' lang='lat' dir='ltr'><strong>forte</strong></span> <span class='ocrx_word' id='word_1_202' title='bbox 1210 3971 1274 4038; x_wconf 84' lang='lat' dir='ltr'><strong>Po·</strong></span> <span class='ocrx_word' id='word_1_203' title='bbox 1323 3977 1327 3982; x_wconf 82' lang='grc'>’</span> 
     </span>
    </p>
   </div>
   <div class='ocr_carea' id='block_1_7' title="bbox 0 0 1378 4832">
    <p class='ocr_par' dir='ltr' id='par_1_8' title="bbox 0 0 1378 4832">
     <span class='ocr_line' id='line_1_29' title="bbox 0 0 1378 4832; baseline 0 0"><span class='ocrx_word' id='word_1_204' title='bbox 0 0 1378 4832; x_wconf 95' lang='lat' dir='ltr'><strong> </strong></span> 
     </span>
    </p>
   </div>
  </div>
 </body>
</html>
