2748 4832
205 265 230 340 8
406 270 463 356 De
490 267 641 344 dialecto
668 267 824 344 Aeolum
848 268 1081 348 Asianorum.
1189 319 1193 327 .

208 465 331 552 vulgari
364 492 508 536 sermone
545 472 652 540 minus
685 485 769 540 corta
801 499 841 538 ex
877 473 1009 545 arbitrlo
1041 476 1087 540 uti
1118 475 1226 542 solent
1245 476 1292 548 ⁴).

115 637 117 644 J
208 564 358 639 Ceterum
389 570 582 636 Lesbiorum
612 581 775 662 petitarum
798 571 968 646 dialectum
996 577 1126 664 majoris
1148 577 1201 642 liic
1223 576 1296 642 illic

207 667 405 755 antiquitatis
426 672 560 760 vestigia
587 675 726 756 haltere,
765 699 860 762 quarn
889 700 970 763 quae
998 677 1033 740 in
1063 677 1165 742 titulis
1191 677 1297 741 multo
1366 660 1370 676 Ι

189 770 440 856 ‘recentioribus
461 774 620 860 reperitur
648 776 733 855 (vid.
758 771 794 864 §s
812 778 894 860 31),
916 777 1079 846 neminem
1100 777 1217 846 mirum
1237 779 1296 840 lra-
1367 764 1370 773 Ι

200 868 307 935 'bebio
332 911 373 922 --
417 874 609 958 Fragmenta
630 876 745 944 Alcaei
773 889 805 942 et
838 876 1007 968 Sapphus,
1040 889 1194 966 quantum
1223 877 1296 946 fieri
1367 881 1370 916 ’ἶ

206 981 349 1060 poterat,
385 975 515 1066 propriu
542 975 678 1046 dialecto
700 979 864 1061 restituta,
900 979 934 1043 in
956 978 1149 1068 Appendice
1171 977 1296 1046 addidi·

206 1095 289 1138 mus.
314 1112 353 1124 -
1371 1139 1372 1146 ,

268 1177 437 1246 Praeterea
448 1179 604 1246 Lesbiaea
621 1179 757 1246 dialecto
779 1194 911 1246 utuntur
932 1179 1153 1248 Theocriti
1180 1178 1296 1268 idyllia
1371 1173 1372 1178 ¹

206 1277 249 1346 28
270 1291 302 1344 et
322 1281 382 1363 29,
412 1305 546 1369 quorum
570 1281 724 1346 dialectos
756 1283 967 1350 ascholiasta
982 1287 1009 1362 ⁵)
1038 1282 1175 1352 Aeolica
1201 1303 1295 1346 voca·
1372 1293 1373 1376 ἶ

205 1393 269 1446 tur.
326 1381 508 1455 Dialeetum
540 1383 574 1446 in
597 1383 704 1471 priore
726 1382 873 1448 codicum
894 1406 955 1471 ope
977 1384 1044 1450 sere
1065 1383 1223 1467 integram
1245 1405 1295 1446 re-

94 1563 102 1578 ·
207 1479 342 1546 stituere'
359 1483 455 1568 licet3
477 1508 578 1572 pauca
598 1509 663 1554 non
685 1483 840 1565 Aeolica,
864 1495 899 1548 ut
920 1481 1003 1568 ἱερὸν
1024 1507 1083 1572 pro
1105 1481 1191 1562 ἷροο,
1214 1481 1295 1546 ἅπα-

206 1583 351 1664 λαλκέμεν
371 1609 431 1674 pro
454 1583 649 1663 ἀπαλάλκηο,
671 1597 806 1650 metrum
827 1595 953 1668 tuetur3
985 1585 1021 1648 in
1042 1584 1142 1649 altero
1165 1583 1295 1671 saepius

207 1683 334 1748 codices
356 1684 517 1750 deserunt.
562 1686 632 1752 Nec
653 1686 769 1750 mirrmr
789 1698 886 1768 essct,
909 1685 937 1750 si
955 1685 1051 1750 ctiam
1072 1683 1201 1772 saepius
1222 1684 1294 1748 imi-

206 1797 287 1850 tator
308 1811 420 1874 purarum
434 1788 604 1860 dialectum
621 1787 811 1852 Lesbiacam
832 1809 899 1854 uon
915 1785 1137 1874 expressisset.
1183 1785 1293 1850 Etiam

206 1889 284 1951 haee
306 1888 446 1952 carmina
467 1888 502 1952 in
517 1888 710 1978 Appendices
729 1885 943 1952 emendatiora
964 1887 1156 1962 addidimus.
1202 1889 1295 1972 Quae

207 1988 334 2076 uulgata
357 2002 468 2060 contra
489 1991 641 2054 Aeolicac
665 1989 805 2054 dialecti
820 1987 963 2060 indolem
995 1989 1029 2053 in
1057 1987 1098 2054 iis
1127 1989 1294 2076 leguntur,

208 2113 305 2179 saepe
324 2090 419 2155 tacite
441 2092 654 2181 negleximus,

290 2185 331 2272 4)
368 2190 439 2254 Alii
471 2200 584 2279 po'dtae
612 2192 805 2264 carminibus
836 2191 903 2256 suis
932 2187 1062 2259 Derieis
1090 2189 1247 2256 nonnulla
1277 2215 1296 2256 e

208 2289 344 2353 dialecto
354 2290 511 2354 Lesbiaco
526 2290 817 2363 intermiscuerunt.
862 2292 1049 2371 Alcman,
1072 2289 1127 2377 qui
1143 2289 1298 2380 ahApol·

208 2389 296 2456 lonio
316 2392 460 2478 Dyscolo
482 2393 522 2456 de
543 2390 636 2481 pron.
660 2418 692 2480 p.
719 2392 796 2470 136,
819 2391 875 2458 ubi
897 2391 936 2462 dc
958 2391 1116 2477 digamma
1137 2391 1296 2479 loquitur,

211 2495 342 2576 συνεχῶς
361 2495 515 2568 Atratum
537 2494 673 2574 dicitur,
708 2517 768 2558 nec
789 2492 896 2558 minus
916 2516 935 2556 a
957 2485 1146 2575 prisciano.
1176 2494 1215 2559 dc
1238 2517 1297 2560 eo-.

208 2593 281 2680 dem
303 2592 595 2680 digamma-agente
618 2595 664 2672 (1.
689 2619 722 2682 p.
746 2595 798 2659 21.
822 2594 904 2672 22),
936 2592 1020 2658 inter
1047 2600 1159 2682 poetas
1180 2595 1295 2663 Aeoli·

210 2717 264 2757 cos
280 2698 306 2773 6)
329 2696 466 2758 refertur
488 2695 571 2774 (vid.
597 2689 625 2781 ξ.
650 2696 669 2759 5
692 2705 757 2758 not.
782 2697 803 2758 4
825 2705 856 2758 ct
879 2695 960 2776 12),
984 2695 1142 2782 digamma
1163 2695 1296 2782 quidem

208 2815 273 2869 non
302 2795 408 2860 minus
430 2821 447 2860 a
469 2796 612 2864 Doribus
638 2795 778 2882 antiquis
807 2794 951 2884 accipere
978 2805 1121 2884 poterat,
1152 2796 1209 2863 sed
1230 2797 1297 2868 alia

209 2895 271 2959 silai
293 2896 451 2962 concessit
472 2897 550 2962 solis
572 2897 704 2962 Asianis
724 2896 882 2962 Aeolibus
904 2895 1045 2984 propria,
1067 2907 1103 2960 ut
1125 2898 1166 2966 od
1183 2921 1242 2984 pro
1265 2904 1296 2976 ζ,

209 2995 317 3079 ἔχοισα
337 3009 397 3064 etc.
411 3035 452 3047 ·-
494 2997 595 3062 Recte
616 2997 711 3062 etiam
732 2997 942 3064 Pindarus
965 3007 997 3062 et
1017 2996 1137 3066 Dorica
1158 3008 1191 3061 et
1206 2997 1299 3064 Aeo.

209 3097 273 3163 lica
286 3097 422 3168 dialecto
439 3121 516 3162 usus
530 3121 600 3160 esse
616 3097 733 3168 dieitur
753 3098 792 3160 ab
806 3097 900 3160 Eust.
920 3121 954 3184 p.
971 3096 1065 3180 1702,
1082 3097 1101 3164 5
1123 3093 1181 3184 (cf.
1200 3099 1294 3168 Anu.

211 3198 274 3262 Ox.
300 3199 439 3282 12278:
467 3201 590 3273 Αἰολεῖς
620 3201 759 3282 μοῖόα,
785 3195 827 3264 ὤν’
847 3199 917 3296 ἐστὶ,
936 3199 1107 3283 Πίνδαρος)
1113 3228 1126 3279 ,·
1157 3199 1186 3270 is
1208 3201 1298 3274 enim

243 3505 271 3564 4)
307 3503 387 3555 Talia
404 3515 466 3556 sunt
484 3498 585 3570 virtores
603 3511 630 3556 et
647 3497 756 3570 ἔρανος,
781 3499 923 3571 mederisma
950 3513 977 3558 et
994 3501 1132 3572 περάτων,
1156 3507 1251 3574 μέσσος
1269 3520 1298 3564 et

209 3592 288 3658 ploos
307 3597 358 3641 etc.
379 3587 437 3640 vid.
455 3590 476 3654 ᾗ.
497 3591 596 3656 8,.11;
615 3590 637 3654 ᾗ.
657 3592 687 3656 9,
708 3593 721 3642 l
741 3596 769 3641 et
787 3588 809 3654 5.
829 3591 877 3655 16,
896 3592 929 3657 33
947 3590 970 3655 §.
991 3593 1024 3654 ⁷,
1044 3593 1058 3643 l
1078 3601 1105 3644 et
1121 3593 1144 3657 §.
1165 3596 1216 3659 16,
1234 3595 1260 3647 2.

244 3688 272 3745 5)
309 3687 424 3752 Argum.
444 3684 487 3738 Id.
506 3687 548 3740 28.
575 3689 724 3754 γέγραπται
750 3681 779 3736 δὲ
797 3681 905 3740 Αἰολίδι
931 3681 1074 3752 διαλέκτοις
1102 3685 1166 3740 item
1189 3689 1231 3742 Id.
1251 3691 1296 3745 29.

212 3775 239 3826 iu
257 3772 354 3826 eodem
373 3771 434 3824 cod.
455 3772 518 3827 Vat.
537 3775 562 3825 6.
582 3770 745 3839 inscriptum
762 3780 804 3824 est
821 3767 934 3836 Αἰολικοέ
952 3768 1076 3827 παιδικά.

244 3870 272 3934 6)
307 3867 377 3922 Inde
402 3868 483 3922 etiam
509 3866 675 3933 hexametri,
703 3881 772 3932 quos
795 3865 954 3926 Priscianus
979 3864 1083 3926 ibidem
1110 3882 1146 3924 cx
1170 3867 1297 3924 Aeolicis

211 3957 301 4026 poetis
318 3971 373 4008 non
392 3953 538 4006 nominatis
555 3953 651 4018 all'ert,
676 3951 816 4015 Alcmanis
834 3967 894 4004 esse
913 3951 1054 4016 videntur,
1079 3952 1195 4014 docente
1211 3954 1295 4014 etiam

210 4042 348 4096 Laconica
373 4041 461 4094 forma
480 4033 582 4101 Moira,
612 4036 668 4088 vid.
687 4039 708 4103 5.
728 4041 752 4092 5.
772 4047 827 4090 not.
847 4041 879 4106 53
908 4038 942 4091 de
960 4053 1013 4101 uno
1031 4055 1068 4096 ex
1093 4026 1151 4094 illis
1171 4039 1296 4104 versibus

211 4123 286 4192 idem
303 4127 387 4188 sensit
406 4125 573 4182 Welckerus
591 4123 626 4176 ad
644 4123 733 4178 Alam.
752 4124 785 4178 l'r.
806 4127 828 4193 1.,
943 4162 948 4174 ,
