2712 4820
197 305 278 460 {78
368 407 375 424 χ
400 361 402 366 ·
429 321 492 394 De·
511 317 665 396 dialecto
690 315 847 399 Aeolum
873 315 1108 417 Asianorum,

205 519 383 596 *demeum
404 515 446 584 23
468 513 694 595 ἀποσταλέντα,
717 515 760 584 28
783 517 984 604 στρατάχοοςς
1009 517 1066 584 scd
1088 517 1185 604 plura
1206 541 1246 583 ex
1264 517 1304 581 tis
1340 497 1341 570 l

226 621 387 710 exemplis
426 618 525 683 simul
560 617 623 683 alia
661 619 788 683 ratione
823 618 930 684 nainus
970 631 1046 684 sunt
1084 617 1241 698 Aeolica,
1277 630 1305 682 nt

225 734 358 813 prepter
378 721 557 805 neglectam
580 741 743 810 apocopen
763 717 1015 812 praepositionis
1032 718 1102 801 δνσὶ,
1126 721 1243 786 deinde
1256 719 1303 784 eino*

216 821 383 914 precinui.
407 819 548 886 vietam
572 821 603 885 7.
704 821 707 830 ’
1341 812 1342 862 l

246 975 250 982 .
316 925 355 989 In
390 928 558 1011 petitarum
590 919 742 1009 reliquiis
767 921 980 987 adversantur
1010 921 1186 1005 ἀμπέτασον
1207 919 1241 987 S.
1260 923 1303 997 28,

127 1017 131 1026 ’
229 1025 266 1090 ἄν
285 1023 320 1089 τδ
342 1022 457 1106 μέσσον
478 1021 555 1088 ΑΙσ.
580 1024 640 1106 10,
665 1021 833 1104 ἀμμένομεν
855 1023 900 1088 A.
924 1023 977 1089 33.
1024 1025 1116 1108 Quae
1138 1045 1205 1098 uon
1227 1024 1304 1087 dubi·

226 1137 330 1192 tanter
351 1123 542 1213 corrigenda
565 1136 655 1215 puto,
679 1123 755 1214 qaia
770 1125 907 1191 Aeolica
930 1124 1183 1214 praepositionis
1204 1125 1304 1205 lemn,
1342 1132 1343 1216 l

225 1253 311 1318 quae
333 1236 458 1324 servata
480 1236 551 1302 est,
575 1226 631 1288 nbi
652 1227 836 1313 corruptela
857 1225 978 1292 invasit
998 1219 1075 1292 Alc.
1098 1227 1154 1308 24,
1177 1237 1232 1290 aut
1251 1227 1305 1290 lor·
1342 1223 1343 1238 ³

228 1355 280 1395 ma
305 1352 372 1394 nen
394 1325 660 1414 intelligebatur,
694 1337 731 1388 nt
752 1324 916 1406 δμνάοθην
938 1329 1078 1394 Theocr.
1103 1330 1166 1410 293
1189 1329 1248 1409 26,
1270 1328 1305 1390 la·

227 1431 291 1496 eile
318 1431 353 1518 iu
384 1428 546 1515 vulgatam
583 1423 682 1507 abiit,
718 1425 776 1490 ubi
806 1451 924 1494 sensus
962 1430 1101 1518 patebat.
1168 1429 1305 1510 Accedit,
1343 1450 1344 1516 χ

227 1530 323 1622 qaod
336 1530 381 1596 A.
403 1528 444 1593 33
466 1527 624 1592 librorum
646 1525 742 1592 lectio
762 1529 793 1591 τί
812 1527 865 1592 τδν
886 1530 995 1616 λύχνον
1018 1529 1200 1612 ἆμμένομον,
1223 1555 1306 1621 quam
1343 1521 1344 1568 λ

226 1641 364 1698 metrum
396 1629 544 1712 damnat,
580 1627 710 1692 laeilius
743 1653 761 1692 e
792 1632 822 1692 τί
850 1628 890 1693 τοὶ
917 1627 996 1715 λύχν’
1031 1630 1196 1714 ὀμμένομεν
1227 1631 1303 1696 nasei

227 1743 362 1824 poterat.
429 1729 504 1795 Non
545 1729 654 1794 minus
686 1730 770 1820 apud
800 1731 877 1796 Ale.
901 1731 942 1797 63
975 1755 993 1796 e
1022 1733 1144 1799 codicis
1176 1735 1303 1800 lectione
1344 1770 1345 1848 χ

230 1835 347 1917 ἄφυσον
375 1829 472 1909 θήσει
501 1829 704 1896 restituimus
739 1827 875 1914 ἅᾳθιτου
903 1831 1031 1910 destricta
1062 1815 1211 1912 (ἀνδὴσει
1231 1830 1304 1916 alii),
1344 1853 1345 1874 ³

230 1937 307 2027 qaia
336 1934 371 1999 id
398 1932 528 1998 facilius
558 1931 720 2022 eorrumpi
748 1944 873 2024 poterat
901 1944 933 1998 et
963 1934 1061 2008 ἄνθος
1088 1959 1161 1998 eum
1185 1935 1243 2000 ἀνὰ
1262 1959 1304 2000 eo·

110 2043 116 2058 “
228 2041 349 2104 haeret.
395 2035 547 2122 Denique
571 2033 702 2120 cronicae
723 2034 768 2098 A.
789 2029 917 2101 55'11011
938 2035 1041 2122 magis
1064 2035 1232 2101 ferendum
1253 2047 1303 2100 est.

215 2126 219 2142 .
310 2136 498 2216 Addimus,
529 2133 617 2220 quod
637 2134 760 2200 Aeoles
781 2137 816 2200 in
838 2139 938 2203 εἴκοσι
967 2132 1088 2223 (Lesb.
1112 2135 1218 2227 2166)
1246 2138 1304 2202 vul·

226 2263 303 2330 gare
332 2240 349 2301 ὀ
369 2237 489 2302 habent
509 2257 569 2324 pro
590 2233 725 2324 antiquo
745 2238 784 2318 ἅ,
817 2237 904 2326 quod
925 2236 1033 2303 Dores
1058 2237 1094 2302 ia
1115 2241 1243 2318 Ρλκατκ,
1271 2241 1305 2302 el-

226 2365 296 2404 κατι
319 2346 497 2428 servarunt.

197 2529 200 2536 Ι
310 2435 352 2528 3)
385 2438 489 2527 Saepe
518 2437 643 2529 &apud
662 2437 785 2506 Aeoles
814 2438 849 2504 in
870 2439 889 2502 ὗ
909 2440 1026 2507 mutari
1049 2441 1248 2530 grammatici
1267 2440 1304 2506 al·

225 2543 425 2630 firmanti),
467 2539 524 2604 sed
551 2539 648 2604 unica
684 2539 819 2606 certiora
848 2544 995 2633 exempla
1022 2553 1099 2608 sunt
1138 2543 1250 2629 ου’ρκες
1279 2553 1304 2606 et

225 2645 379 2729 πέσουμες
406 2665 465 2731 pro
487 2639 602 2728 σάρκες
623 2650 656 2706 et
675 2642 844 2728 ae'oonpee;
872 2667 947 2708 nam
969 2645 1079 2725 ἄμυδις
1107 2655 1139 2710 et
1160 2643 1260 2728 βδδος
1280 2642 1304 2706 si

225 2742 363 2811 Aeolica
386 2750 482 2824 suat,
513 2739 579 2808 noa
601 2743 705 2808 aliena
728 2755 804 2814 sunt
824 2743 863 2808 ah
884 2745 959 2810 aliis
981 2746 1149 2828 dialectis,
1180 2757 1212 2810 et
1239 2769 1306 2835 pro-

226 2859 298 2936 pter
317 2847 399 2908 lanae
420 2842 525 2932 ipsam
546 2823 912 2910 muntieuenrffleolica
934 2859 1108 2930 vocantur,
1131 2846 1251 2932 Βύκχις
1267 2845 1302 2911 Ν.

227 2946 268 3010 P.
292 2955 464 3033 cognatum
486 2955 536 3010 est
555 2969 629 3010 eum
650 2945 790 3030 Βάκχος,
813 2955 850 3008 ut
864 2946 1015 3033 Ἴακχος,
1031 2946 1109 3034 λάχω
1130 2969 1205 3014 cum
1228 2949 1303 3026 ἰδζυ,

228 3045 340 3130 ἔμακον
356 3057 394 3109 ,et
414 3043 545 3128 ἔμυκον,
567 3045 675 3133 βράχω
698 3057 730 3110 et
750 3044 927 3132 βρυχάομαι
949 3062 1010 3114 etc.
1158 3047 1160 3060 '

346 3216 518 3227 -.η-*-

246 3328 288 3394 ²5)
323 3327 367 3380 Et.
387 3321 485 3378 Orion.
506 3325 615 3390 ll,18.
642 3318 903 3394 ὅμοδισΛιόλτκῶσ·
930 3320 1007 3391 neoti
1027 3317 1078 3392 γδρ
1095 3321 1128 3377 τό
1152 3319 1251 3392 dundee
1267 3327 1305 3373 nal

224 3408 322 3481 ἄμυδις
337 3406 427 3484 τροπῇ
444 3405 494 3463 aori
512 3411 530 3462 ῖι
548 3406 584 3463 ais
603 3411 618 3463 ὗ
642 3404 707 3464 κατ’
724 3407 832 3466 Αἰολεῖς
849 3409 883 3466 eis
900 3408 993 3481 σδρκετ
1011 3405 1119 3479 vipsan-
1156 3411 1222 3464 item
1241 3413 1306 3462 Orus

224 3499 270 3553 Et.
290 3498 329 3552 M.
347 3501 390 3552 87.
411 3499 444 3551 13
469 3495 520 3562 (cl.
547 3495 620 3550 Gud.
638 3497 686 3562 46,
705 3498 755 3562 2⁷)
779 3507 807 3550 et
827 3495 933 3551 Scholl.
961 3495 1046 3549 Dion.
1064 3495 1165 3551 Thrac.
1183 3499 1249 3562 949,
1267 3497 1305 3556 25,

224 3581 333 3637 Scholl.
353 3581 389 3634 Il.
408 3601 434 3646 τ,
459 3583 485 3636 6.
504 3611 537 3622 -
581 3581 626 3634 De
650 3581 766 3634 Aeolica
789 3578 881 3649 ου’ρκετ
903 3593 1046 3652 praeterea
1070 3581 1113 3635 m.
1137 3583 1178 3636 M.
1202 3585 1267 3644 tou,
1283 3583 1305 3633 9,

223 3665 331 3726 Aiolals
347 3663 380 3722 τδ
399 3669 416 3720 ὖ
433 3661 469 3719 aie
485 3667 504 3718 ἆ
521 3669 663 3735 τρέποντες
679 3665 726 3722 tait
745 3665 844 3735 οδρκοο
860 3667 957 3736 otiosus
973 3665 1090 3737 λέγουσι,-
1110 3667 1184 3724 lbid.
1199 3672 1258 3733 798,
1268 3670 1305 3728 31,

224 3757 269 3810 Et.
289 3756 323 3810 G.
349 3753 416 3820 194,
433 3753 485 3817 13,
517 3753 566 3808 ur.
586 3755 715 3820 147,11,
750 3757 822 3808 Aur.
842 3756 896 3808 Ox.
915 3754 1044 3819 11,379‚
1069 3755 1121 3820 98,
1157 3755 1251 3807 Tuetz.
1275 3749 1303 3803 ad

225 3841 288 3894 lles.
317 3840 391 3908 Opp.
412 3838 477 3902 195,
510 3831 575 3890 lle's.
597 3833 720 3906 ου’ρκεοι,
748 3839 826 3907 σαρξὶ
848 3837 964 3898 Αἰολεῖς.
984 3869 1015 3898 -,-
1051 3839 1142 3908 Saepe
1169 3850 1304 3909 praeterea

222 3923 322 3995 ἅμνδιτ
345 3921 491 3977 Aeolicum
514 3923 630 3990 dicitur,
659 3923 757 3979 Orion.
782 3929 833 3994 31,
853 3931 883 3981 11
903 3935 953 3982 etc.
981 3925 1038 3980 vid.
1063 3925 1085 3990 6.
1104 3925 1130 3977 4.
1159 3935 1215 3979 not.
1232 3927 1256 3979 s.
1276 3951 1303 3965 ·-

222 4014 287 4067 Hcs,
311 4007 493 4076 πλσουρεσ,
511 4011 632 4074 τέσσαρες
649 4007 762 4065 Αἰολτῖτ.
793 4013 828 4064 cl.
847 4015 978 4079 πλοσνρο,
1002 4015 1114 4077 atavos,
1136 4013 1259 4079 τέσσαρα.
1276 4035 1304 4050 -·

220 4099 264 4152 Et.
284 4099 324 4174 M.
342 4098 410 4162 216,
427 4095 470 4149 47.
496 4090 593 4160 Baium
618 4087 704 4163 ὄνομα
729 4093 858 4152 Αἰολικδν
884 4095 960 4170 παραὶ
983 4094 1017 4153 sai
1041 4093 1148 4165 Baianos
1165 4125 1196 4142 -·
1221 4089 1306 4170 τροπῇ

217 4182 269 4245 τοῦ
286 4185 304 4238 ἃ
322 4179 358 4237 τίτ
374 4183 391 4235 ὖ
409 4177 445 4237 ele
461 4177 551 4253 βάθος
567 4176 652 4252 priter
669 4182 736 4250 (leg.
753 4179 863 4250 μόθου).
1032 4179 1036 4186 ’
