2710 4820
130 237 131 244 ἵ
192 240 294 400 ’2010
540 289 597 360 De
622 285 774 363 dialecto
799 286 978 362 Boeotioa.

220 493 303 560 Nam
324 493 464 584 primum
480 490 659 556 Thessalos
680 489 701 566 ἦ
722 499 845 555 mutare
866 489 902 554 in
922 500 969 568 a,
994 491 1053 556 sed
1073 488 1212 555 retinere
1233 501 1255 552 ῦ
1276 497 1307 552 et

223 603 275 679 ᾶῐ,
306 596 371 660 nisi
400 594 488 682 quod
517 592 616 658 semel
646 597 679 654 αἳ
707 590 862 678 scriptum
893 591 1089 680 reperiatur,
1122 589 1306 655 videbimus

220 697 305 760 iufra
334 692 364 783 ξ.
389 696 446 778 505
483 693 600 759 deinde
630 703 665 758 ῦῦ
692 715 750 781 pro
778 699 814 769 ῦ,
853 691 941 782 quod
962 692 1151 757 Laeonibus
1182 691 1218 754 in
1244 714 1305 754 usu
1353 749 1354 774 ,

220 797 325 861 luisse
355 795 579 884 Hesychianae
607 793 744 857 maxime
771 792 899 878 glossae
929 793 1064 877 docent,
1104 817 1173 856 non
1205 792 1306 856 fnisse
1353 817 1354 888 p

221 897 416 986 antiquioris
444 895 556 961 aetatis
587 918 627 959 ex
647 885 818 957 Alcmanis
848 893 999 982 reliquiis
1022 903 1054 957 et
1075 893 1306 980 Aristophanis
1353 901 1354 966 t

221 997 400 1084 Lysistrate
436 997 590 1082 colligere
625 994 720 1078 licet,
757 993 815 1058 ubi
852 995 982 1072 nullum,
1016 996 1088 1080 ejus
1129 995 1306 1083 scripturae

218 1085 395 1186 vestigium
413 1107 554 1188 apparet.

272 1207 276 1215 '
304 1199 351 1262 At
381 1221 508 1263 omnem
543 1206 687 1262 nostram
715 1194 754 1260 de
794 1195 1008 1264 mutationum
1044 1195 1176 1260 illarum
1211 1208 1308 1262 aetate

139 1285 142 1300 ’
220 1311 316 1388 atque
344 1299 472 1388 origiue
494 1297 742 1385 disputationem
766 1295 929 1362 Corinnae
958 1297 1097 1361 earmina
1126 1309 1308 1386 pervertere

173 1399 178 1420 '
220 1400 391 1483 videntur,
422 1399 599 1487 inquibus
622 1388 735 1484 repro
758 1400 793 1473 ῦ,
823 1409 924 1486 ἦρτο
947 1409 1000 1476 ᾱῖ,
1022 1401 1038 1456 ἶ
1058 1423 1116 1486 pro
1137 1409 1169 1461 ῑῖ
1189 1401 1308 1487 scripta

219 1501 324 1570 fnisse
354 1499 544 1564 certissimis
577 1497 783 1592 antiquorum
807 1499 1084 1585 grammaticorum
1112 1500 1308 1582 testimoniis

221 1613 254 1666 et
281 1601 438 1690 exemplis
468 1599 611 1663 (locetur.
661 1593 732 1662 Vix
759 1608 865 1662 tamen
896 1599 1028 1664 dubium
1050 1599 1199 1683 videtur,
1234 1601 1308 1692 quin

151 1713 153 1720 '
220 1702 392 1768 Boeotieae
413 1702 555 1789 po'etriae
577 1699 719 1764 earmina
740 1723 759 1764 a
779 1699 912 1764 Boeotis
940 1699 1145 1786 potissimum
1165 1703 1311 1768 lectitata

220 1814 253 1870 et
282 1801 442 1890 descripta
470 1801 575 1875 varias
605 1801 781 1888 scripturae
811 1797 983 1866 Boeoticae
1013 1803 1210 1886 mutationes
1248 1829 1311 1869 non

220 1903 394 1992 effugerint
424 1912 456 1967 et
483 1902 523 1966 ad
544 1901 786 1968 Alexandrinos
816 1901 946 1966 criticos
976 1925 1012 1968 ea
1040 1902 1165 1967 ratione
1188 1905 1312 1994 scripta

219 2003 447 2095 pervenerint,
489 2027 553 2091 qna
581 2002 698 2069 Boeoti
726 2001 822 2068 tertio
855 2001 923 2068 lere
957 2004 1087 2068 saeculo
1122 2005 1310 2072 utebantur,

220 2107 315 2173 Adeo
345 2103 373 2169 s'i
394 2127 457 2194 qua
485 2105 567 2168 forte
595 2103 800 2192 antiquiora,
833 2095 1000 2188 evulgari
1029 2104 1143 2193 lingua
1171 2129 1245 2184 non
1267 2108 1311 2172 ‹ti-
1336 2091 1338 2098 Ι

220 2231 314 2272 versa
335 2202 449 2267 relicta
470 2213 598 2286 essent,
634 2203 764 2269 criticos
785 2204 820 2268 id
848 2203 978 2290 egisse,
1001 2215 1037 2270 ut
1066 2206 1311 2294 proprietatem,

222 2329 317 2398 quam
350 2303 579 2390 opinarentur,
612 2305 797 2369 Boeoticam
826 2305 1054 2390 restituerent,
1072 2306 1166 2370 satis
1193 2311 1313 2397 proba·

210 2409 288 2473 'hile
311 2415 371 2470 est.
417 2402 555 2492 Singula
575 2405 745 2504 nonnulla,
770 2415 806 2470 ut
825 2409 913 2480 τεοῦς
933 2429 992 2494 pro
1012 2408 1097 2481 τιοῢς
1120 2401 1165 2494 (ᾗ.
1181 2409 1241 2494 38,
1263 2410 1310 2500 2),

221 2508 317 2574 facile
339 2505 481 2593 relinqui
504 2516 661 2594 poterant.
706 2505 782 2571 Non
803 2505 985 2591 credimus,
1017 2507 1051 2572 ὄῒ
1070 2507 1313 2602 diphthongum

220 2611 366 2677 relictam
380 2629 482 2688 esse,
515 2607 572 2671 ubi
593 2607 736 2672 Boeotos
757 2607 954 2674 recentiores
976 2631 1046 2672 eam
1075 2621 1223 2677 mutasse
1246 2639 1313 2682 cer·

221 2723 290 2777 tum
312 2719 372 2774 cst.
411 2733 416 2742 ‘
439 2707 571 2796 Quippe
599 2719 720 2773 norunt
745 2709 829 2772 hanc
850 2707 1058 2773 mutationem
1080 2706 1177 2776 etiam
1202 2737 1315 2801 gram.

222 2811 354 2894 matici,
386 2807 444 2897 qui
466 2831 594 2873 omnem
614 2809 682 2873 lere
703 2809 876 2876 Boeoticae
898 2809 1028 2874 dialecti
1049 2813 1275 2900 cognitionem
1297 2845 1314 2886 e

224 2913 387 2979 Corinnae
408 2909 627 2991 carminibus,
650 2909 870 2997 antiquiorum
891 2933 968 2976 cura
988 2913 1152 2998 recensis,
1179 2917 1315 2988 haurire

221 3013 382 3079 videntur.
440 3010 546 3088 Iidem
568 3020 592 3091 ῷ
611 3010 697 3096 apud
718 3011 858 3077 Boeotos
880 3013 915 3077 in
938 3022 969 3077 δῖ
989 3016 1129 3080 transire
1150 3019 1313 3108 referunt,

223 3112 308 3180 nihil
329 3121 463 3176 monent
484 3111 570 3192 (leui
595 3109 637 3173 iu‘
659 3124 680 3174 ῡ
700 3121 831 3177 mutato.
898 3111 995 3178 Unde
1022 3113 1131 3202 aliqua
1166 3121 1315 3208 suspicio

223 3215 325 3282 oritur
351 3213 442 3278 illam
469 3209 660 3298 scripturam
690 3211 726 3275 in
749 3212 910 3279 Corinnae
930 3214 1130 3280 carminibus
1150 3233 1314 3307 repertam

164 3324 167 3332 ’
223 3341 315 3400 esse,
351 3313 488 3396 deinde,
522 3313 653 3376 alteram
683 3314 891 3378 mutationem
915 3315 1067 3392 omnibns
1099 3319 1241 3408 reliquis
1266 3349 1314 3389 re.

225 3417 399 3484 certiorem
421 3423 512 3496 e'sse,
536 3412 655 3501 qnippe
676 3437 770 3502 quae·
780 3426 892 3502 postea
913 3417 1106 3504 invaluerit,
1129 3429 1230 3510 qum
1253 3425 1313 3493 Co.

225 3520 338 3586 manae
360 3515 536 3610 carminum
559 3515 784 3605 orthographia
806 3516 984 3596 constituta
1001 3529 1098 3600 esset.

706 3752 736 3844 ἓ.
771 3759 823 3824 42.

310 3896 370 3946 lle
388 3895 576 3947 vocalibus
598 3895 842 3959 productione
865 3847 1093 3976 supplltt'orta
1116 3906 1231 3960 nafis.

199 4040 201 4043 ’
308 4031 429 4097 Breves
455 4033 602 4116 voculae,
645 4031 702 4096 ubi
730 4033 868 4098 alterae
897 4035 1022 4102 duabus
1050 4043 1312 4108 consonantibus

227 4133 441 4222 sequentibus
469 4135 571 4220 ejecta
598 4143 663 4211 est,
695 4155 737 4198 ue
766 4133 909 4222 syllabae
940 4135 1102 4225 quantitas
1132 4141 1312 4226 minuatam,
