2710 4820
304 363 337 454 §.
360 362 421 440 52.
474 366 530 436 De
556 359 708 438 dialecto
736 361 921 438 Eleorum.
1069 343 1146 432 22²9

57 556 242 644 dorotheana
264 562 372 626 simile
394 572 444 627 est
466 563 688 652 Carystiorum
712 570 826 651 σαρμοῖ
845 587 904 655 pro
925 569 1049 652 θερμοῖ.
1073 563 1138 627 vid.

53 682 101 724 nr.
124 661 155 724 3.
178 697 220 710 —-
273 663 362 727 Hinc
389 664 503 730 Eliaea
533 664 690 742 dialectus
722 691 795 732 esse
828 669 957 732 videtur
991 665 1026 734 io
1060 663 1140 728 anti·

54 785 113 848 qua
140 761 251 848 galeae
278 789 379 853 prope
402 765 588 854 Olympiam
614 776 759 856 repertae
790 767 1003 857 inscriptione
1024 791 1075 830 nr.
1099 765 1138 829 31

59 861 153 952 ῼοῒός
173 890 216 944 μα
244 865 379 952 notiora,
421 891 520 962 quum
541 894 585 949 μα
605 894 664 958 pro
692 894 729 951 με
757 870 791 935 in
822 869 959 957 reliquis
990 866 1139 933 dialectis

50 964 225 1030 inauditum
247 967 308 1050 sita
345 968 465 1032 rectius
489 977 596 1034 tamen
624 971 761 1035 tortasse
787 972 908 1058 legitur
929 970 964 1052 μ’
988 969 1136 1046 induero,

50 1091 147 1154 qurum
167 1067 332 1156 augmenti
360 1067 395 1133 in
419 1075 438 1132 ἃ
458 1070 571 1134 mutati
599 1071 723 1158 aliquot
750 1075 896 1162 exempla
923 1073 1010 1162 apud
1031 1072 1137 1158 Hesy-

49 1167 152 1232 chium
175 1168 244 1234 sine
267 1169 396 1234 dialecti
418 1171 548 1235 nomine
577 1183 701 1236 servata
724 1172 807 1238 sinta
852 1173 989 1259 ἅδειρεν,
1024 1172 1138 1253 illatore

47 1283 80 1334 et
108 1270 260 1354 ἄβραχεν,
300 1272 449 1355 ἤχησεν»
482 1270 635 1358 Longum
666 1277 686 1336 ἃ
712 1298 772 1362 pro
793 1288 814 1351 ἡ
836 1274 912 1344 Elei
937 1298 1003 1339 non
1033 1274 1138 1339 solum

47 1395 118 1435 cum
139 1373 283 1436 Doribus
305 1383 338 1436 ct
358 1372 518 1452 Aeolibus
541 1397 710 1438 commune
731 1373 851 1440 habent
870 1375 905 1439 in
927 1376 1042 1454 Γέτας,
1084 1373 1137 1438 ἀλ-

45 1473 163 1551 λάλοις,
195 1475 310 1558 δᾶμος,
341 1478 466 1552 Mtte,
500 1472 556 1538 doio
576 1499 636 1564 pro
658 1475 715 1554 δῆν
738 1477 833 1558 (Hcs
858 1476 935 1561 δᾶν,
965 1478 1137 1562 perpateat

45 1574 137 1640 notia
162 1575 292 1666 χρόνον·
334 1573 466 1654 Ἠλεῖοι)
496 1587 529 1641 et
557 1575 739 1644 Pausaniae
768 1579 848 1660 aaut
874 1604 933 1668 pro
961 1577 1039 1663 ἡδὺ,
1080 1577 1137 1641 sed

45 1677 139 1742 etiam
160 1675 195 1739 in
217 1675 310 1751 aliis,
341 1701 423 1770 quoe
445 1677 531 1766 apud
552 1677 658 1744 Dores
681 1690 712 1742 ct
733 1680 876 1746 Lesbios
897 1690 920 1758 ἦ
940 1689 1068 1762 tenent,
1101 1679 1137 1742 in

44 1778 197 1844 Boeotico
217 1777 356 1842 dialecto
376 1777 412 1841 in
432 1779 463 1840 {1
482 1787 627 1860 mutant,
657 1777 700 1858 μά
729 1805 789 1868 pro
817 1778 878 1862 μή,
917 1783 1049 1869 Γράτρα
1076 1804 1136 1868 pro

43 1880 187 1966 dhaland,
224 1877 366 1966 optativo
396 1881 443 1942 εἴα
470 1903 530 1968 pro
560 1880 625 1963 εἴη,
666 1903 732 1968 quo
753 1881 890 1946 fortasse
912 1884 1007 1947 etiarn
1031 1883 1137 1946 δαλίο-

40 2010 97 2066 pao
130 1980 310 2071 pertinet*
346 1979 553 2046 Eretrienses
591 1991 677 2045 certe
714 1981 827 2047 lonico
865 1991 885 2060 ἦ
922 1983 1134 2066 abstinuisse,
1192 2048 1194 2054 s

39 2084 148 2175 prodit
178 2107 296 2148 nomen
318 2085 506 2164 Χαρίδαμος
535 2081 571 2144 in
604 2107 735 2150 nummo
764 2085 850 2172 apud
871 2089 995 2152 Micon.
1019 2087 1135 2168 Sappl.

40 2187 99 2251 lV.
123 2211 157 2275 p.
180 2185 256 2250 364.
279 2225 321 2238 -
375 2185 442 2249 Pro
465 2183 667 2272 diphthongo
688 2187 781 2255 {lest
800 2197 832 2256 ῖι
851 2187 975 2254 Dorico
996 2200 1028 2252 et
1047 2186 1135 2252 Aco-

37 2291 103 2355 lico
129 2311 218 2353 more
251 2287 287 2350 in
315 2287 484 2376 particulis
514 2287 549 2348 αι’
574 2299 607 2351 et
636 2291 715 2367 αἴης
756 2291 930 2356 Boeoticae
960 2288 1134 2378 diphthon-

38 2391 154 2481 gerum
177 2395 226 2475 ῐι,
248 2387 291 2472 ii,
318 2391 347 2460 δῖ
369 2388 564 2454 mutationes
595 2391 720 2458 alienae
747 2394 884 2458 suntab
907 2391 1011 2456 Eleis.

121 2493 224 2558 Recte
245 2493 317 2558 sine
339 2495 559 2558 controversia
576 2494 758 2581 judicatum
775 2505 825 2558 est
843 2496 879 2561 in
901 2492 1056 2582 genitivis
1079 2493 1133 2558 dc-

34 2595 224 2661 clinationis
247 2593 406 2662 secundae
429 2593 567 2683 ἀργυρο,
605 2602 717 2677 πολεμο
745 2594 842 2660 finale
866 2601 885 2664 ᾱ
905 2593 1040 2682 antiquo
1061 2617 1131 2686 roo-

33 2724 71 2764 re
94 2697 251 2785 scriptum
272 2721 345 2763 esse
366 2721 426 2784 pro
449 2723 492 2774 ω,
526 2698 615 2787 quod
637 2696 796 2762 Lesbiaco
818 2708 850 2761 ct
869 2695 1025 2761 Boeotico
1047 2694 1128 2773 (vid.

33 2796 64 2888 ἓ.
92 2800 133 2864 17
154 2808 187 2864 et
207 2800 277 2872 43.)
306 2810 339 2865 et
358 2797 481 2865 Dorica
510 2798 640 2863 dialecti
668 2821 709 2863 ex
728 2797 759 2867 ὦ
781 2808 980 2864 contractum
1008 2795 1131 2860 babent

31 2927 93 2992 pro
114 2900 242 2988 vulgari
264 2898 312 2986 ἧς
339 2923 401 2965 nec
421 2901 525 2988 magis
546 2899 757 2984 tarpaadpraoa
777 2925 851 2966 curn
864 2901 1052 2964 Hennanno
1074 2903 1129 2962 to-

28 3001 227 3091 τρειούμενον
247 3003 315 3090 legi
343 3011 485 3092 poterat,
525 3002 583 3067 sed
602 3002 723 3068 rectius
753 3003 781 3068 si
804 3001 883 3091 quid
903 3001 1052 3067 videmus
1074 3008 1129 3065 λα-

28 3104 221 3193 τρηὶὥμενον
251 3105 425 3194 profertur.
471 3102 586 3168 Crasin
615 3105 808 3194 agnovimus
836 3105 870 3168 in
901 3127 1074 3190 εντεπιαροι
1101 3103 1124 3167 i.

25 3234 58 3272 c.
85 3209 119 3271 ἐν
139 3203 280 3293 τήὰῑιάρῳ
300 3230 360 3296 pro
382 3207 415 3270 ἓν
434 3209 474 3285 τᾷ
495 3204 632 3293 desdorp,
662 3206 706 3270 ita
727 3216 763 3270 ut
785 3207 804 3269 ἆ
825 3216 857 3270 et
876 3207 892 3268 i
913 3205 1037 3271 Dorico
1056 3229 1128 3271 mo-

27 3335 64 3375 re
86 3309 172 3385 in'n'
201 3305 398 3390 coaluerint,
435 3313 451 3367 ῐ
480 3309 658 3373 secundum
687 3309 855 3397 vulgarem
883 3331 980 3372 usum
1008 3307 1124 3394 ejecto.

26 3413 123 3476 Idem
144 3409 302 3476 retinetur
328 3406 364 3472 in
385 3429 523 3474 cosmam
542 3409 567 3474 i.
591 3429 620 3475 c.
644 3413 686 3491 τῷ
704 3406 816 3473 'scabri
836 3431 895 3496 pro
916 3411 957 3490 τῷ
978 3409 1125 3490 ἐνταῦθα,

24 3536 115 3602 alnae
135 3511 246 3602 potius
267 3509 452 3600 aphaeresis
474 3520 525 3575 est
545 3535 642 3600 qnam
663 3509 776 3576 erasis.

114 3614 156 3679 ln
178 3612 329 3702 optativis
351 3610 387 3675 ἔα
406 3621 440 3677 ct
458 3613 567 3676 onvs'oa
588 3637 629 3678 ex
649 3612 782 3700 antiqua
804 3613 982 3703 scripturae
1003 3613 1128 3679 ratione

20 3727 36 3780 ἒ
72 3741 136 3807 pro
167 3722 189 3791 ῆ
219 3713 362 3804 positum
392 3712 541 3796 videtur,
584 3735 652 3780 nou
683 3714 880 3780 Lesbiorum
910 3739 999 3781 more
1028 3717 1044 3774 ῖ
1077 3714 1129 3778 di-

23 3817 193 3910 phthongi
213 3814 392 3900 omissum3
430 3838 505 3878 nam
533 3816 620 3904 quod
641 3815 676 3878 in
704 3815 822 3902 gentili
840 3815 1004 3898 Ἡραῴοις
1023 3818 1038 3875 “ι
1060 3816 1126 3902 eje·

23 3934 119 3986 ctum
142 3929 213 4001 est,
234 3918 435 4005 frequentem
459 3915 603 3980 omnium
626 3916 824 3983 Graecorum
846 3942 954 3994 usum,
979 3941 1045 3982 non
1067 3917 1125 3982 mi-

21 4049 90 4090 uus
114 4023 153 4086 in
176 4020 239 4086 alia
268 4019 341 4105 ejus
371 4018 506 4108 gentilis
536 4017 639 4081 forma
658 4018 797 4103 Ἡραεύς
817 4009 904 4108 apud
926 4017 1125 4106 Stephanum

21 4122 264 4212 conspicuum,
289 4121 448 4209 sequitur.
470 4120 537 4185 vid.
560 4117 705 4184 Lobech.
728 4121 847 4187 Parall.
870 4145 904 4210 p.
918 4120 972 4192 27.
986 4152 1025 4164 -
1055 4119 1136 4210 An?

22 4228 157 4317 tiqaaana
189 4221 351 4290 diaeresin
390 4222 585 4315 agnovimus
615 4219 650 4285 in
682 4223 856 4299 Mision,
901 4228 1124 4308 λατρειομενον,
