2710 4820
56 259 100 350 '§.
115 258 175 336 41.
203 260 260 334 Dc
272 259 461 334 Boeoticae
473 259 553 338 dial.
570 261 608 334 in
620 265 734 340 vocal.
758 263 851 360 prof.
873 264 1024 340 inconst.
1079 263 1154 368 199

61 487 156 531 mum
170 459 217 552 ³),
238 463 372 554 Boeotis
392 487 460 532 non
480 464 621 532 alienum
642 464 746 532 fuisse
768 462 858 532 solus
878 463 1086 548 Priscianus,
1110 487 1151 528 ex

60 565 211 654 antiquis
236 567 373 634 fortasse
400 567 636 652 monumentis,
667 567 834 657 cognitum
854 566 993 658 habehat
1020 559 1070 652 (ᾗ.
1094 565 1147 630 40.

59 677 135 734 not.
157 662 214 753 8).
274 666 372 748 Quod
392 669 557 736 recentius
579 692 652 734 esso
673 694 711 734 eo
735 693 874 758 genere,
907 669 942 732 in
964 667 1066 757 quoi
1086 677 1148 746 est,

58 767 182 832 docent
202 765 303 830 dativi
329 768 451 857 primae
472 779 504 834 et
526 771 685 837 secundae
708 769 953 854 declinationis,
988 767 1046 856 qui
1074 775 1086 829 ι’
1108 767 1149 830 alt
1216 833 1218 838 .

59 867 193 956 origine
214 868 352 953 habent,
383 871 477 962 docet
495 870 591 936 etiam
613 870 730 936 Latina
756 871 888 957 lingua,
918 871 953 934 in
982 891 1047 956 qua
1067 868 1148 932 anti-

58 995 164 1060 quum
186 970 491 1058 terraiaequein
519 957 653 1038 terrac
683 973 823 1040 transiit.
877 973 921 1040 Et
943 973 993 1048 oi,
1030 973 1176 1040 dimon

59 1071 117 1136 dia
148 1071 240 1160 quasi
272 1081 349 1134 sunt
377 1072 462 1135 inter
495 1083 546 1150 ᾶῖ,
589 1083 620 1137 oi
646 1082 678 1136 et
705 1101 743 1150 η,
782 1079 812 1137 ΰ.
872 1072 939 1138 Sed
970 1093 1069 1158 quum
1098 1075 1160 1133 re-'

57 1171 225 1238 cautiores
245 1170 271 1234 ii
298 1170 405 1248 tituli,
446 1173 502 1260 qui
530 1172 757 1260 antiquissima
786 1183 819 1237 ᾶῑ
848 1185 880 1239 et
905 1183 936 1239 ὀῖ
966 1183 1145 1253 servarunt,

56 1297 229 1361 nunquam
260 1280 293 1334 ᾶῖ
320 1273 372 1336 vel
400 1279 431 1336 tt
459 1275 612 1356 ollcrant,
653 1277 713 1340 hoc
743 1275 1016 1362 diplrtlrougorum
1044 1293 1147 1359 genus

55 1398 127 1440 non
161 1371 254 1444 valde
286 1372 450 1460 placuisse
484 1398 545 1438 nec
573 1376 629 1440 diu
660 1385 715 1442 ant
747 1375 858 1442 multis
891 1373 1045 1438 usitatum
1060 1395 1146 1464 ’csse

55 1477 218 1564 videtur„
265 1473 416 1540 Ceterum
455 1497 521 1540 non
555 1475 789 1564 negligendum
821 1485 891 1556 est,
933 1475 994 1538 hos
1031 1471 1149 1542 titulos,

56 1577 231 1664 Tanagrae
251 1573 355 1672 luisse
380 1574 522 1664 positos,
566 1574 602 1643 in
630 1573 781 1652 confiniis
795 1576 949 1658 Atticae,
988 1573 1046 1638 ubi
1068 1574 1144 1638 l'aci·

54 1679 126 1749 lius
145 1677 181 1741 id
201 1673 358 1765 agebant,
398 1685 434 1739 ut
453 1675 727 1764 diphthongorum
756 1701 872 1742 sonum
894 1675 981 1764 apud
1001 1675 1143 1742 Boeotos

53 1786 265 1866 mutatumet
284 1774 325 1841 ab
347 1775 458 1842 Attico
480 1775 643 1842 diversum
665 1779 823 1871 scriptura
843 1779 1072 1866 exprimerent.

140 1877 270 1946 Deinde
297 1887 426 1942 nostrae
454 1878 633 1944 sententiae
661 1879 756 1946 fidem
780 1879 870 1942 addit
891 1877 1140 1968 Aristophanes,

53 1983 92 2048 in
119 1982 213 2067 cujus
240 1979 404 2044 Boeoticis
425 1978 551 2068 aliquot
575 1992 599 2057 η’
621 1980 656 2044 in
683 1983 714 2044 ῐῖ
741 1979 854 2045 mutati
875 1979 1021 2066 exempla
1048 1999 1143 2064 repe-

53 2085 200 2165 riantur,
230 2079 323 2146 nulla
351 2079 551 2168 reliquarum
576 2081 787 2148 mutationum
817 2075 853 2166 (s
873 2079 961 2148 enim
983 2087 1145 2144 mutatum.

51 2187 90 2253 in
119 2181 195 2268 ἰώγα
224 2205 288 2272 pro
312 2179 402 2264 ἔγωγε
433 2192 566 2270 propter
593 2209 611 2268 y
640 2182 737 2250 simul
759 2183 895 2267 ejectum
918 2181 1077 2246 diversam
1098 2179 1139 2242 ab

50 2287 127 2353 aliis
159 2265 320 2373 exemplis
341 2281 497 2350 rationem
523 2279 652 2370 hahet).
717 2281 915 2372 conspirant
942 2281 1038 2346 otiam
1068 2304 1137 2348 cor·
1244 2349 1251 2366 ἣ

50 2396 165 2476 ruptae
196 2409 294 2452 voces
324 2383 497 2448 Boeoticae
529 2389 731 2470 πλατυχαίτας
760 2385 845 2474 apud
865 2384 1077 2450 Plutarchum
1106 2391 1138 2447 et
1178 2381 1187 2394 '

51 2487 207 2579 ὁμωχὲτας
241 2485 339 2602 apud·
353 2485 597 2574 Thucydidem,
639 2511 774 2582 quarum
806 2487 904 2550 altera
932 2505 1008 2573 pars
1036 2505 1136 2569 quum

50 2589 237 2657 Boeoticam
269 2585 359 2652 vocis
392 2588 511 2664 οἰκέτης
538 2589 673 2655 sormam
703 2599 814 2654 tenere
840 2585 988 2654 videatur
1019 2577 1071 2668 (ᾗ.
1093 2581 1136 2650 40

48 2703 120 2760 not.
142 2687 198 2777 7),
231 2689 425 2753 Plutarclrca
444 2711 507 2753 vox
529 2700 546 2750 ῦ
566 2691 663 2756 habet
683 2715 742 2778 pro
765 2697 813 2770 οἳ,
844 2710 910 2754 non
932 2686 976 2750 ita
999 2684 1134 2770 Thucy

48 2793 156 2859 didea.
219 2788 351 2871 Quibus
379 2788 529 2856 amnibus
557 2791 748 2877 comparatis
768 2799 890 2856 centnm
919 2788 987 2850 fero
1008 2785 1135 2850 videtur

47 2918 116 2960 non
144 2903 217 2959 ante
239 2901 387 2978 quartum
416 2881 582 2964 saeculum,
608 2915 686 2974 eas,
720 2914 801 2980 quas
829 2887 1025 2954 recentiores
1047 2883 1139 2950 dixi*-

46 3019 133 3072 mus,
155 2991 315 3059 vocalium
336 2991 530 3056 mutationes
550 2993 635 3080 apud
652 2993 793 3056 Boeotos
813 2991 848 3056 in
871 3014 967 3057 usum
988 2986 1132 3068 venisse,
1210 2991 1212 2996 '

46 3094 193 3183 exceptis
216 3101 249 3157 ᾶῑ
272 3101 304 3157 ct
325 3095 380 3175 aii,
404 3093 586 3182 dequibus
608 3085 772 3161 difficilius
788 3093 965 3180 judicatur.
1010 3087 1132 3153 Contra

46 3197 237 3268 Boeoticum
264 3217 382 3257 nomen
405 3193 575 3276 ’Λαεμύτας
603 3219 664 3282 pro
693 3193 875 3275 Ἀνεμοίτας
889 3191 988 3282 'apud
1008 3190 1130 3254 Demo-
1231 3186 1236 3197 ‘

47 3285 196 3364 stlicn‘em
217 3295 337 3384 prodit,
359 3293 433 3382 ejus
456 3305 599 3387 tempore
616 3295 718 3382 joma]
738 3319 798 3388 pro
817 3303 847 3360 ῦῐ
863 3295 963 3364 scrilti
979 3302 1129 3380 coeptum

44 3399 161 3467 foisse.
913 3415 917 3425 ·

110 3501 278 3572 Postremo
292 3497 388 3567 etiam
404 3521 444 3563 cx
458 3497 533 3564 aliis
550 3495 697 3570 dialectis
710 3507 839 3564 nostrae
854 3495 894 3562 de
905 3497 1130 3568 Boeoticarum

43 3601 258 3670 mutationum
272 3610 374 3667 aetate
388 3598 535 3690 opinioni
550 3599 676 3694 aliquid
691 3597 849 3693 praesidii
863 3623 1024 3682 arcessere
1038 3600 1127 3668 licet.

78 3773 291 3783 ·-‚--..-·-----·---
304 3769 327 3779 α’·

77 3879 106 3940 3)
140 3874 230 3928 Unica
262 3872 391 3944 exempla
416 3881 496 3926 extra
518 3869 661 3925 Boeotiam
694 3871 759 3924 novi
782 3872 973 3940 Ααρισαετα·
964 3887 993 3924 ιιι
1017 3885 1127 3922 nummo
1197 3912 1198 3916 ,

42 3961 204 4016 Thessalico
227 3969 255 4010 et
277 3957 396 4055 φοραι
388 3975 417 4013 m
441 3971 519 4010 vase
529 3955 642 4022 antiquo
659 3956 749 4012 Musei
767 3956 949 4024 Gregoriani‚
978 3955 1052 4022 quod
1077 3955 1126 4009 de-

14 4057 18 4072 ·
41 4047 156 4116 scripsit
182 4044 299 4100 Abekao
332 4043 362 4096 in
389 4015 544 4100 Antiatibus
568 4040 689 4098 Instituti
716 4042 929 4112 Archaeologicl
952 4043 1044 4096 4836
1059 4043 1123 4101 Vol.

42 4135 126 4191 vlit.
144 4133 209 4188 susc
228 4131 266 4184 11.
