2710 4820
267 163 279 211 1

134 329 147 347 r
272 298 307 384 §.
332 289 395 368 52.
446 291 504 366 De
530 290 684 368 dialecto
709 293 897 370 Eleorum.
1060 299 1138 378 225
1233 240 1235 244 ι

35 491 212 578 habentur,
251 504 307 560 aut
334 492 487 560 omuibus
500 493 657 584 ¹Aeolicis
685 491 834 565 dialectis
856 511 889 564 et
915 499 1015 568 simul
1036 503 1134 571 Dori·

36 618 93 660 cac
114 593 296 660 communia
317 606 410 680 sunt,
441 605 476 661 ut
497 597 678 684 digamma,
712 621 809 690 saepe
830 623 849 664 a
870 599 1039 669 Prisciano
1060 629 1135 671 cum

35 695 155 761 Latino
175 720 205 762 v-
218 707 435 785 comparatum
457 697 538 777 (vid.
563 701 595 784 ξ.
614 697 646 765 5.
669 709 738 765 not.
757 700 788 765 3.
814 699 883 780 10.)
905 713 937 768 et
956 704 1092 796 longum
1116 709 1137 771 ἆ

33 820 94 886 pro
114 797 136 874 ἦ
157 791 238 884 (vid.
263 790 294 885 ἓ.
312 798 364 876 13,
386 799 409 863 4
430 797 470 863 de
491 801 600 882 μᾶλον)
607 828 621 878 ,·
643 810 698 865 aut
717 799 854 866 Asianis
875 804 1038 874 Aeolibus
1059 832 1135 899 pro·

31 897 123 992 pria,
165 908 202 964 ut
230 909 381 964 accentus
411 911 567 966 retractus
596 897 641 990 (ᾗ.
665 903 697 968 3.
720 910 789 966 not.
813 903 882 993 1.),
921 906 940 968 ὗ
960 930 1021 997 pro
1044 910 1062 978 ὁ
1085 904 1131 998 (ᾗ.

35 1001 88 1066 12.
111 989 179 1065 not.
203 999 256 1066 12.
280 999 370 1082 13),
393 1001 415 1078 ἦ
435 1024 495 1090 pro
515 1002 545 1066 ii
568 997 616 1091 (§.,
632 1003 685 1068 14.
709 1011 777 1069 not.
802 1003 848 1085 3.)
856 1056 867 1086 ,
889 1005 996 1076 dualis
1018 1011 1132 1080 absen-
1162 1029 1165 1036 '

30 1101 80 1167 tia
102 1094 147 1189 (ξ.
169 1099 224 1168 20.
246 1109 316 1165 not.
340 1101 388 1183 1.)
410 1111 443 1166 et
465 1109 485 1166 ἆ
504 1113 688 1192 correptum
714 1102 750 1168 in
780 1101 998 1174 declinatione
1020 1111 1048 1176 l.
1071 1137 1133 1201 pro

30 1195 120 1290 ⁷3(§.
142 1202 197 1270 20.
220 1211 288 1267 not.
311 1201 381 1286 2.);
415 1213 472 1268 aut
491 1202 665 1289 Boeotica,
697 1208 785 1276 uto}
807 1209 925 1299 prod,
948 1212 1132 1299 quodcum

30 1303 152 1370 Latino
180 1303 304 1373 vocalis
334 1327 416 1372 sono
442 1306 627 1390 confertur,
666 1307 763 1397 ipro
791 1309 822 1373 ii
844 1302 890 1398 (ἓ.
913 1309 966 1378 40.
990 1324 1058 1378 not.
1081 1315 1131 1398 4.)

30 1419 65 1474 et
84 1398 197 1498 {ipro
220 1399 310 1495 010·
333 1404 389 1488 4⁰>
411 1403 473 1485 8,),

150 1705 255 1840 ne
275 1703 537 1793 dialectis
568 1671 1006 1800 l’seuelaeoltels.¹

546 2007 554 2022 .
579 1959 632 2026 52.

343 2097 406 2150 lle
429 1951 593 2150 dtuladoto
616 2096 807 2151 Eleorum·
927 2089 930 2096 ’

111 2233 147 2316 1)
180 2230 383 2298 Paucissima
412 2231 453 2308 de
474 2231 632 2298 Eleorum
661 2230 800 2322 dialecto
828 2235 869 2302 ab
898 2235 1043 2327 antiquis
1063 2249 1127 2306 tra·

26 2329 168 2416 duntur,
192 2331 315 2427 quibus
336 2332 482 2400 addenda
505 2345 582 2402 sunt
602 2335 777 2422 nonnulla,
800 2359 883 2428 quac
905 2336 945 2403 de
960 2338 1127 2408 Eretrien-

25 2439 114 2504 sium
147 2447 181 2502 et
211 2433 348 2514 aliorum
378 2435 531 2502 Euboeae
563 2437 745 2504 incolarum
782 2437 895 2528 lingua
926 2441 1125 2526 referunturq

25 2539 105 2629 quia
126 2537 335 2606 Eretrienses
358 2559 431 2602 cum
460 2531 588 2604 colonis
609 2538 703 2604 Eleis
732 2539 892 2604 nonnulla
920 2539 1036 2607 borum
1056 2537 1127 2608 dia·

24 2643 112 2707 lecto
132 2637 264 2729 propria
285 2648 476 2726 acceperunt
497 2638 577 2718 (vid.
600 2653 669 2705 not.
690 2639 759 2722 3.)‚
798 2637 865 2705 nisi
885 2641 970 2708 forte
992 2667 1033 2709 ex
1053 2643 1127 2734 ipsa

24 2739 159 2807 dialecti
187 2738 403 2806 similitudine
425 2740 563 2829 quadam
593 2739 704 2828 opinio
734 2741 775 2806 de
796 2740 953 2810 Eleorum
982 2743 1124 2826 colonia,

23 2854 169 2910 ceterum
201 2864 268 2906 non
300 2840 395 2907 valde
426 2839 627 2930 probabilis,
670 2851 745 2906 nata
778 2853 838 2908 est.
902 2835 1050 2911 Plurima
1083 2847 1125 2913 de

20 2947 182 3012 Eleorum
201 2943 316 3030 lingua
338 2941 494 3007 discimus
516 2965 556 3008 cx
577 2939 711 3029 antiquo
732 2941 888 3010 Eleorum
910 2956 943 3011 ct
958 2947 1124 3016 Heracon·

20 3047 110 3114 sium
131 3041 297 3110 Arcadum
318 3043 450 3108 foedere
471 3042 511 3108 C.
534 3044 563 3108 Ι.
586 3067 638 3108 nr.
662 3043 726 3124 11,
750 3047 861 3135 quod,
883 3047 1049 3115 Bocckbio
1065 3051 1122 3137 ju·

19 3149 115 3227 dice,
154 3146 241 3211 inter
262 3144 318 3210 01.
342 3144 385 3211 40
404 3155 436 3211 et
458 3144 514 3210 01.
538 3145 581 3212 60
601 3156 775 3212 exaratum.
789 3147 1018 3237 antiquissimo
1041 3152 1124 3216 seri-

16 3260 135 3340 pturae
157 3269 276 3336 genere
297 3244 409 3310 utitur.
454 3244 569 3332 Neque
586 3245 659 3332 ejus
674 3245 849 3314 dialectum
867 3251 1120 3337 Heraceusium,

18 3351 80 3417 sed
101 3349 259 3415 Eleorum
289 3369 380 3425 esse,
421 3357 454 3414 et
484 3346 563 3412 inde
591 3347 762 3436 probabile
790 3362 857 3436 est,
897 3352 985 3440 quod
1007 3352 1121 3442 Olym·
1169 3379 1172 3390 ·

13 3453 92 3542 piae
112 3449 198 3541 lapis
220 3447 398 3524 collocatus
420 3455 510 3530 erat,
543 3458 575 3512 ct
596 3471 637 3513 ex
656 3449 729 3539 ipsa
750 3451 883 3543 linguae
905 3453 1030 3520 ratione
1052 3457 1121 3523 elu-

14 3564 90 3638 cet,
132 3575 233 3641 quac,
272 3549 360 3640 quod
380 3549 536 3616 Eleorum
557 3549 663 3616 fuisse
686 3550 826 3636 scimus,
862 3553 997 3620 dfiuale
1017 3556 1121 3622 inter'-

11 3655 94 3722 dum
126 3665 228 3720 mutat
256 3651 291 3717 in
321 3649 352 3739 (3.
407 3649 482 3734 Quo
512 3649 549 3714 iu
579 3664 787 3718 monumento
816 3652 944 3744 insigni
976 3657 1121 3746 legendo

13 3781 119 3848 quum
142 3779 161 3822 a
181 3754 346 3822 Boecldrio
367 3753 541 3843 aliquoties
563 3752 661 3818 nobis
684 3753 915 3823 discedendum
936 3768 1042 3838 esset,
1083 3759 1119 3824 iu

10 4007 127 4076 multis,
157 4004 228 4060 adeo
254 4004 283 4059 iu
309 4004 453 4074 plerisque
480 4003 520 4060 ait
537 4004 641 4060 Aeoles
658 4016 790 4074 sequutus
807 4021 878 4064 esse.
920 4006 1047 4062 Maxime
1063 4008 1117 4064 mi-

10 4112 76 4149 rum
96 4103 157 4162 est,
175 4090 258 4162 quod
277 4089 396 4144 Romani
413 4091 458 4146 vel
475 4091 542 4146 Itali
559 4092 630 4146 adeo
648 4091 768 4147 Aeolum
785 4094 878 4147 coloni
896 4109 957 4147 esse
976 4095 1116 4166 dicuntur,

10 4181 87 4236 baud
107 4180 194 4237 dubio
211 4187 329 4252 propter
345 4177 433 4234 solam
449 4177 564 4248 linguae
580 4178 802 4238 similitudinem.
820 4179 878 4236 vid.
897 4182 971 4247 §.20-
989 4191 1046 4238 not.
1057 4187 1114 4242 M.

868 4274 908 4340 15
