2712 4820
253 343 327 421 loa
452 344 507 416 Da
533 339 685 420 dialecto
711 340 867 415 Aeolum
894 338 1129 416 Asianorum

253 549 458 636 singulorum,
477 539 687 608 dialectorum
708 542 772 608 alio
800 553 947 630 tempore
968 539 1151 608 accuratius
1170 537 1334 631 disputan-

251 649 328 714 dum
354 655 418 711 est.
451 679 492 693 -·
551 643 657 712 Multo
692 642 766 708 istis
795 643 1045 732 grammaticalis
1076 643 1211 735 meliora
1245 643 1334 709 docet

250 746 441 814 Heraclides
464 746 623 810 Ponticus
645 745 730 834 apud
752 745 874 812 Athen.
897 745 982 810 xlv
1001 769 1034 835 p.
1058 746 1141 830 624,
1173 746 1331 811 Aeolibus

248 850 397 915 tribuens
417 847 451 912 τὰ
476 841 556 924 ἦθος
581 843 615 911 τό
636 851 750 930 γαῦρον
776 851 831 908 καῖ
852 843 1008 928 dyuaidac,
1029 845 1073 909 ἔτι
1095 847 1127 910 dd
1149 845 1328 932 ὑπόχαυνον,

249 975 333 1040 quae
355 949 512 1014 etiamad
535 947 706 1012 dialectum
728 947 882 1012 adbibere
902 946 989 1010 licet.
1051 945 1135 1011 Nam
1164 948 1230 1012 tale
1257 949 1330 1036 qnid

208 1121 209 1126 ,
248 1035 394 1142 prolecto
423 1051 610 1138 agnoscitur
638 1049 672 1113 in
701 1047 909 1136 barytonesi,
950 1069 1014 1136 qua
1034 1071 1098 1114 vox
1127 1047 1163 1112 in
1195 1049 1328 1137 singulis

248 1152 446 1218 dictionibus
469 1161 694 1233 commoratur,
718 1160 755 1214 ut
774 1151 811 1214 fit
830 1149 915 1238 apud
937 1148 1074 1214 Latinos
1096 1161 1129 1215 et
1141 1150 1327 1226 Germanos,

247 1279 314 1321 non
342 1254 454 1343 rapido
483 1274 582 1318 cursu
602 1254 653 1316 ‘ad
682 1250 848 1339 sequentia
869 1250 977 1334 votat,
1005 1251 1069 1315 tale
1096 1251 1132 1316 in
1159 1255 1327 1332 vocalium,

248 1381 330 1446 quae
353 1351 531 1443 graviorem
553 1377 668 1418 sonum
691 1354 829 1433 babent,
853 1375 978 1430 amore,
1001 1362 1038 1415 ut
1061 1360 1081 1416 ᾶ
1100 1353 1136 1417 in
1159 1355 1197 1432 o,
1220 1357 1239 1420 ὀ
1262 1356 1327 1420 ini

246 1467 435 1538 transcunt,
471 1455 535 1518 tale
556 1454 591 1517 in
614 1452 859 1542 diphthongis,
878 1477 959 1540 quas
979 1453 1066 1516 baud
1085 1477 1158 1519 raro
1180 1479 1241 1542 pro
1262 1457 1327 1520 reli·

248 1581 385 1649 ulnarum
407 1555 615 1621 dialectornm
638 1553 841 1640 simplicibus
862 1553 1029 1618 vocalibus
1053 1555 1174 1619 babent
1199 1557 1280 1635 (vid.
1300 1552 1326 1644 fi.

248 1663 287 1742 5,
316 1661 354 1741 53
385 1651 416 1743 ξ.
441 1655 501 1737 103
536 1649 567 1742 §.
592 1655 652 1738 15,
675 1651 737 1742 3),
770 1679 830 1718 nec
859 1655 965 1720 minus
996 1655 1031 1720 in
1063 1655 1326 1744 dipbtbongornm

247 1757 405 1839 diaecesi,
445 1755 519 1844 quia
540 1765 572 1820 et
593 1755 784 1844 diphthongi
816 1757 945 1844 plenius
967 1755 1045 1844 quid
1068 1769 1203 1839 sonant,
1240 1783 1326 1846 mam

247 1861 397 1942 vocales,
430 1868 462 1922 et
482 1857 624 1946 ipsarum
652 1857 780 1921 illarum
803 1857 948 1944 singulae
976 1867 1082 1946 partes
1109 1857 1215 1951 magis
1237 1883 1325 1947 qnam

247 1962 332 2054 apud
353 1960 496 2048 reliquos
519 1959 687 2024 distinctae
709 1957 894 2046 gravitatem
915 1958 1010 2022 etiam
1031 1971 1171 2046 augent,
1193 1960 1260 2024 tale
1278 1962 1326 2025 de-

139 2105 142 2112 ι
246 2066 344 2153 nique
361 2063 473 2148 jaff,
498 2061 584 2148 quod
604 2061 639 2124 in
660 2061 764 2124 fronte
784 2084 900 2126 vocum
920 2059 1055 2137 babent,
1089 2059 1124 2124 in
1142 2059 1176 2128 o'rl
1190 2062 1327 2150 proZet

247 2163 282 2230 in
314 2161 565 2229 consonantibus
587 2160 779 2249 duplicatis,
821 2183 902 2248 quae
929 2183 995 2224 non
1022 2171 1170 2248 poterant
1191 2165 1257 2230 uisi
1277 2191 1325 2230 ore

249 2289 364 2351 magna
393 2272 524 2326 sonante
552 2260 762 2348 pronuntiari.
828 2261 872 2323 Et
899 2260 933 2324 in
954 2259 1005 2323 bis
1027 2261 1156 2348 quidem
1179 2263 1325 2353 Hispani·

248 2390 304 2432 cae
325 2365 455 2451 lingraac
477 2361 653 2425 similitudo
675 2361 829 2448 quaedam
852 2373 999 2450 apparet,
1023 2385 1104 2450 quae
1126 2365 1214 2452 quod
1235 2368 1324 2456 liqui·

248 2469 305 2534 das
335 2465 421 2531 baud
449 2487 520 2528 raro
552 2461 729 2550 duplicatas
760 2462 907 2527 molliore
937 2463 1099 2551 quodam,
1131 2489 1229 2552 quam
1257 2493 1322 2548 nos,

248 2593 327 2634 sono
349 2569 485 2658 profert,
508 2563 686 2668 Corpria‘,
709 2563 839 2638 llano,
863 2563 1073 2646 vix‘aliebum
1092 2576 1160 2629 erat
1182 2567 1222 2630 ab
1244 2570 1323 2633 Aeo·
1353 2551 1354 2595 l

246 2669 345 2736 libus.
390 2667 506 2755 Neque,
524 2666 594 2729 fere'
614 2665 743 2745 dubito,
767 2665 869 2753 quin,
891 2665 947 2752 qui
967 2665 1145 2730 accuratius
1166 2668 1323 2758 Hispano·
1352 2649 1353 2693 l

247 2796 319 2838 rum
341 2757 519 2834 setinoncm
542 2767 703 2854 cognitum
725 2767 832 2850 babet,
855 2766 948 2855 plura
969 2773 1152 2854 reperturus
1176 2769 1233 2848 sit,
1259 2772 1323 2860 qni-
1351 2747 1352 2789 i

246 2874 308 2937 bus
330 2895 402 2936 cum
424 2867 553 2933 Lesbiis
575 2868 761 2950 conveniat,
799 2891 935 2956 quorum
955 2873 1086 2955 politae,
1123 2869 1192 2935 sive
1213 2873 1323 2938 Alcaei
1350 2839 1351 2887 l

247 2972 457 3040 fortissimum
479 2969 620 3034 antimum
641 2981 785 3057 spectas,
817 2968 917 3032 nullis
937 2967 1030 3032 malis
1051 2969 1207 3055 fractum,
1245 2975 1323 3064 peri·
1349 2947 1350 2985 i

248 3075 394 3139 culorum
421 3081 598 3151 amantem,
634 3069 707 3134 odio
729 3070 764 3134 in
785 3069 983 3135 adversarios
1011 3069 1220 3158 flagrantem,
1262 3077 1321 3142 siue
1348 3047 1349 3083 i

248 3175 379 3264 Sappbo
401 3195 507 3237 amore
534 3170 708 3252 fervidam,
747 3170 873 3235 divinae
894 3169 971 3234 artis
993 3171 1175 3256 consciam,
1214 3177 1320 3241 neseio

246 3275 325 3364 quid
346 3271 517 3362 Hispanici
538 3271 659 3361 spirare
679 3271 839 3337 videntur.
1345 3315 1346 3377 p

329 3373 541 3462 Negleximus
568 3374 663 3438 modo
693 3359 725 3438 et
756 3373 819 3437 alia
850 3385 882 3436 et
907 3396 1114 3462 quaecunque
1146 3376 1321 3446 Lesbiacae

131 3467 133 3470 ¹
246 3475 384 3541 dialecto
405 3499 478 3539 eum
499 3474 714 3539 Doriensibus
735 3473 915 3538 communia
937 3485 1029 3552 sunt,
1064 3500 1171 3566 neque
1192 3481 1321 3546 omnino

246 3577 308 3656 iis,
349 3599 430 3667 quae
460 3577 499 3642 de
525 3575 654 3642 dialecti
682 3575 793 3640 indole
819 3573 1026 3654 monuimus,=
1061 3578 1198 3642 multum
1226 3583 1318 3646 tribui

245 3679 404 3750 volumus.
449 3677 683 3742 Difficillimum
705 3675 790 3754 enim
807 3671 1012 3764 judicamus,
1035 3677 1166 3744 dialecti
1187 3683 1244 3748 uel
1265 3685 1318 3748 lin·

246 3803 329 3872 guae
355 3777 494 3866 alicujus
523 3779 690 3866 ingenium
720 3777 911 3867 depingere,
950 3777 1136 3865 praesertim
1167 3781 1228 3848 ubi
1256 3785 1318 3850 vira

245 3905 326 3971 ω,
357 3902 439 3966 quac
461 3904 527 3944 non
554 3891 659 3967 potest
679 3904 820 3968 unquam
850 3877 956 3943 literis
978 3879 1056 3944 satis
1078 3881 1239 3970 exprimi,
1268 3885 1320 3948 du·

246 3984 322 4048 diam
352 3979 480 4044 silentio
510 3980 636 4045 cecidit.
701 3981 789 4046 Aliis
817 3979 1012 4045 acutioribus
1037 3979 1198 4068 integrum
1227 3986 1317 4052 relin-

247 4085 375 4173 quimus
397 4105 497 4170 opus,
521 4081 713 4145 Lesbiorum
733 4081 898 4168 rnoribus,
926 4093 1011 4165 arte,
1036 4082 1173 4149 dialecto
1193 4108 1317 4174 compa·

225 4184 345 4266 ratis,
360 4205 475 4256 :peram
496 4181 608 4271 populi
630 4181 800 4268 imaginem
822 4181 1015 4253 delineandi.
1038 4217 1079 4234 -
