2748 4832
183 261 251 356 ,to
400 260 457 338 Da
483 259 637 336 dialecto
661 257 819 334 Aeolum
843 255 1080 334 Asianorum.

202 463 301 530 Ἀλλω
323 459 358 531 S'.
382 463 463 548 1113
490 487 565 530 num
586 463 734 546 11111αρῥεῖ
752 459 788 527 S.
811 462 833 526 4
860 458 955 526 etiam
977 459 1073 526 aliam
1095 457 1137 525 oh
1158 483 1288 530 causam

186 577 390 655 surruptum
411 565 551 650 videtur,
573 564 639 630 vid.
664 559 694 651 ᾗ.
718 563 773 645 28,
796 564 827 628 1.
850 603 890 615 -
934 563 1016 626 Post
1035 561 1182 642 vocales,
1205 585 1289 650 quae

205 692 272 733 non
310 678 450 755 possunt
493 667 729 756 diphthongum
766 661 839 728 uum
876 665 896 726 ὖ
936 665 1086 745 efficere,
1129 661 1290 749 digamma

205 767 363 834 omissum
393 791 466 834 esse
491 767 527 831 in
554 767 673 851 libris,
705 766 761 832 vix
783 789 866 854 opus
888 775 938 828 est
966 788 1117 845 mouere,
1136 773 1188 828 ¹ut
1210 761 1290 836 Διὸς

207 867 243 934 S.
265 870 305 952 1,
326 872 348 937 2
370 879 453 952 ete,
482 869 555 934 oii'ov
577 867 612 934 S.
637 868 688 934 17.
713 866 763 934 37.
787 866 839 932 85.
863 899 905 911 -
946 864 1094 930 Aliarum
1122 865 1290 929 literarum

206 993 264 1056 pro
286 969 446 1059 digamma
474 969 509 1034 iu
540 967 658 1034 mediis
678 967 813 1033 vouihus
840 991 920 1032 usus
948 965 1186 1032 incertissimus
1221 975 1291 1048 est3

196 1093 282 1144 ¹num
314 1070 416 1152 ἅβως,
456 1071 544 1161 quod
572 1069 726 1136 scribitur
755 1069 809 1134 Et.
834 1068 876 1132 G.
899 1069 981 1148 212,
1004 1068 1045 1132 43
1077 1067 1112 1130 in
1140 1066 1291 1154 Sapphus

208 1170 249 1235 l'r.
272 1172 313 1236 45
334 1195 393 1259 pro
414 1173 547 1259 vulgato
571 1172 670 1245 αὔως,
700 1180 794 1232 notae
815 1171 927 1232 harum
949 1169 1114 1233 literarum
1135 1167 1220 1254 apud
1242 1192 1291 1232 re·

208 1271 369 1338 cautiores
403 1271 556 1336 lihrurios
585 1269 812 1359 permutationi
842 1269 995 1353 dehetur3
1028 1269 1187 1358 Hesychii
1215 1293 1294 1335 vero

211 1373 320 1462 glossa
343 1375 528 1456 καραβλδες,
561 1375 671 1455 γρᾶες·
700 1373 900 1454 Μεθυμναῒοι
922 1395 989 1436 nou
1017 1395 1082 1435 uua
1103 1395 1200 1436 eausa
1224 1370 1294 1436 siu-

210 1475 334 1564 gularis
356 1485 414 1542 est.
803 1475 809 1486 ‘

292 1571 328 1661 9)
355 1573 428 1640 Jam
451 1574 529 1639 sutis
551 1585 699 1664 apparet,
723 1599 788 1639 non
812 1599 884 1638 erum
907 1572 1011 1638 luisse
1033 1571 1186 1663 digammi
1208 1571 1296 1660 apud

211 1675 333 1770 Aeolus
353 1675 498 1740 Asianos
522 1701 636 1756 usum,
668 1701 765 1765 quem
786 1673 917 1738 Aeoliei
945 1698 1064 1746 nornen
1090 1674 1227 1763 prodere
1247 1673 1294 1738 vi·

210 1775 318 1840 detur.
375 1775 459 1840 Nam
481 1787 512 1840 et
533 1787 606 1840 ante
628 1779 756 1842 vocales
789 1771 933 1840 initiales
954 1776 1017 1862 jum
1036 1775 1122 1865 apud
1142 1775 1296 1864 antiquos

211 1885 323 1966 politas
346 1901 440 1965 saepe
468 1877 650 1964 pronihilo
679 1877 822 1942 habitum
847 1885 915 1956 est,
947 1887 978 1940 ot
1007 1887 1081 1940 aute
1103 1901 1122 1958 ρ
1141 1886 1238 1966 utque
1260 1877 1295 1938 in

212 1978 331 2044 mediis
359 1977 517 2059 vocibus,
558 1979 586 2043 si
613 2003 678 2043 uon
709 1978 886 2044 eorundem
918 1989 1040 2060 aetate,
1079 1987 1185 2042 tanuen
1218 1978 1297 2042 sutis

213 2091 336 2145 israture
364 2080 398 2143 iu
419 2062 514 2166 ‘fiet
537 2081 555 2140 ὗ
581 2080 722 2144 transiit.
787 2078 893 2143 Multo
914 2078 1094 2143 acuere-atius
1122 2088 1154 2143 et
1174 2077 1297 2143 diutius

214 2181 354 2244 Boeotos
378 2179 537 2266 digamma
560 2203 705 2245 servasse
726 2191 837 2270 postea
857 2179 1053 2256 videbimus,
1076 2181 1177 2244 multo
1200 2181 1297 2246 etiam

213 2278 425 2347 Dorieusium
448 2280 645 2362 nonnullos,
667 2280 794 2346 tabulae
817 2280 1052 2346 Herouleuuses
1075 2291 1228 2372 arguunt.

607 2571 611 2580 .
709 2510 805 2602 §.a

448 2653 508 2702 nu
525 2650 812 2704 consummaturus
831 2654 1069 2716 slmplioilrus.

260 2787 267 2805 '⁵
302 2773 335 2864 l)
369 2803 391 2840 π
420 2799 480 2866 pro
500 2775 632 2864 vulpodo
659 2786 747 2840 sest
775 2773 810 2839 in
830 2775 927 2854 πέμπε
951 2800 1010 2864 pro
1031 2777 1133 2855 πέντε,
1164 2779 1254 2870 quod
1281 2805 1300 2848 s

220 2878 436 2972 grammaticis
453 2873 479 2963 ¹)
501 2877 673 2942 Aeolicum
694 2889 826 2942 uocatur
847 2887 880 2942 et
898 2876 1020 2966 legitur
1038 2877 1115 2946 Ale.
1134 2880 1191 2963 26,
1214 2883 1301 2948 uude

219 2991 306 3044 route
336 2978 608 3044 Suhrreidewinus
633 2977 753 3065 Sapph.
776 2979 818 3043 49
846 3001 904 3065 pro
929 2978 1097 3060 πελτεβόηα
1126 2981 1301 3071 scripsisse

220 3080 347 3149 videtur
373 3077 569 3160 πεμπεβόηα,·
603 3066 728 3144 ⁴deinde
757 3077 792 3143 iu
823 3080 975 3162 πέσσυρες
1003 3102 1063 3168 pro
1093 3081 1299 3170 sesemel),

222 3249 484 3268 ...q—...affl

256 3355 282 3412 l)
316 3351 420 3405 Herod.
438 3351 496 3407 vit.
514 3352 593 3406 Hom.
614 3369 638 3406 c.
656 3355 705 3419 37,
723 3323 770 3405 ubi
789 3339 924 3408 Homerus
940 3363 970 3408 ut
986 3347 1132 3411 Aeolensis
1149 3356 1303 3429 asprum.

222 3435 256 3490 lo
273 3437 378 3490 dixisse
395 3437 531 3504 refertur,
554 3445 598 3490 καὶ
616 3435 667 3508 γᾶρ
685 3433 862 3506 ὀνομάζουσιν
883 3435 912 3494 οἶ
927 3437 1034 3495 Αἰολεῖς
1050 3439 1085 3496 to*
1104 3447 1185 3500 πέντε
1201 3450 1303 3514 πέμπε,

223 3524 259 3578 cf.
277 3522 354 3576 uust.
374 3526 438 3590 las,
456 3527 504 3589 aa,
531 3522 635 3576 seusu.
653 3523 707 3577 od.
727 3520 758 3591 a,
778 3526 847 3592 4¹23
873 3526 1060 3594 monson,
1080 3531 1110 3594 s;
1137 3529 1260 3601 Hesycu.
1280 3547 1302 3584 s.

223 3624 250 3662 v.
267 3611 357 3676 πέμπε
374 3618 402 3661 et
419 3607 618 3674 πεμπάσσεται,
645 3610 727 3668 Phot.
745 3613 872 3678 arnimar
893 3616 972 3668 πέντε
990 3619 1035 3668 καὶ
1052 3610 1159 3672 Αἰολεῖς
1175 3623 1222 3671 καὶ
1233 3611 1303 3672 Ἰω-

108 3724 110 3730 ’
222 3711 265 3750 uas
281 3699 327 3748 nol
341 3690 463 3748 Ἀττικοὶ
481 3697 536 3764 leg.
554 3698 657 3764 πέμπε·
673 3693 708 3748 sui
725 3699 812 3751 πέντε.

258 3835 287 3911 h)
322 3837 442 3912 Hesych.
475 3845 613 3908 πέσσυρεσ,
647 3845 770 3911 τέσσαρες
805 3839 924 3909 Αἰολεῗσ,
964 3846 999 3898 cl.
1023 3848 1158 3914 πλεουρα,
1195 3851 1302 3919 uiuum,

224 3935 352 3996 τέσσαρα,
370 3929 442 3997 apud
462 3927 558 3980 Joann.
571 3929 619 3981 Gr.
636 3931 696 3996 244,
716 3930 747 3981 b:
766 3926 794 3982 οἱ
809 3926 916 3983 Αἰολεῖς
931 3923 990 3984 uivul
1006 3929 1056 3984 τοῦ
1071 3934 1092 3986 τ’
1108 3930 1140 3988 vd
1156 3929 1304 4005 simultis

225 4013 339 4082 οπυλῆν,
366 4011 468 4066 σταλεὶς
485 4011 608 4081 austere,
632 4018 782 4086 τλτραπται
798 4019 971 4085 stupemus,
1002 4017 1050 4071 ubi
1067 4035 1120 4092 pro
1137 4019 1243 4080 ultimis
1259 4038 1301 4078 su.

227 4102 319 4170 spicor
335 4096 453 4171 τετρᾶτᾳ
469 4097 600 4171 mapulas.
