2712 4820
245 329 277 427 §.
306 333 366 411 26.
417 317 474 410 De
501 307 753 436 conjugatione
778 335 817 417 in
832 335 882 436 ’μἰ.
961 347 964 351 ’
1036 341 1109 418 145

39 532 191 616 νοῆμενος,
229 533 425 620 φοβῆμενος,
461 535 602 627 (leuique
640 540 793 622 φίλησθοιι
813 543 878 626 2¹).
909 581 952 596 -
1009 545 1106 614 Nunc

40 635 184 720 ejusmodi
203 637 355 724 leguntur
375 635 543 724 φορήμιθα
564 639 610 704 Α.
634 639 691 721 10,
716 642 868 726 αἰνήμεθοι
888 645 1026 714 Theocr.
1049 651 1103 728 28,

39 733 54 800 5
73 737 177 828 (vulgo
199 739 395 824 αἰτεύμεθα),
428 739 637 827 imperativus
666 737 783 826 ἀρνησο
799 744 842 811 .8.
864 746 908 814 27
927 771 968 832 px
998 771 1104 815 emen·

38 835 151 904 datione
172 851 281 905 nostra
310 839 406 921 (libri
428 838 595 929 ἀρνησον),
628 840 781 924 ποτήμενοι
802 845 940 914 Theocr.
963 847 1024 934 29,
1048 851 1103 934 30,

37 937 111 1002 uude
130 941 221 1006 etiam
241 939 318 1028 πότγ
336 940 372 1006 S.
386 940 429 1006 20
450 964 467 1003 e
487 939 602 1018 πόνηαι
623 953 820 1010 contractum
837 949 973 1015 videtur.
1019 947 1104 1016 (lou-

35 1046 152 1105 tractam
170 1041 306 1106 formam
326 1041 405 1108 libri
425 1052 556 1106 tuentur
576 1042 612 1106 in
637 1042 785 1128 ὠρχοῦντο
808 1046 843 1112 S.
867 1050 926 1134 73,
958 1051 1015 1115 ubi
1036 1076 1103 1119 nou

35 1138 128 1206 minus
155 1141 292 1228 ἀργηντο
324 1142 557 1207 restituendum
585 1142 722 1209 videtur.
787 1147 827 1210 In
857 1148 951 1216 titulo
982 1151 1103 1216 Lesbio

36 1240 124 1324 2166,
144 1243 186 1310 20
208 1243 484 1326 ἀμφισβατημένων
511 1244 716 1332 participium
742 1249 932 1335 praesentis,
948 1250 1103 1316 habemus

36 1348 62 1402 et
78 1340 99 1405 l.
123 1341 162 1408 30
180 1343 290 1433 potius
313 1341 548 1425 (ὀ)μολογὴμενα
568 1344 592 1408 i.
611 1369 638 1409 e.
665 1347 889 1430 ὁμολογούμενα
910 1375 1005 1440 quam
1027 1375 1101 1416 cum

35 1438 180 1508 Boeclslrio
203 1444 422 1528 ἀμολογημὲνοι
442 1443 622 1532 supplendo
646 1439 858 1514 restituimus.
1129 1463 1132 1468 '

104 1543 136 1608 A
156 1545 312 1634 stirpibus
332 1545 366 1608 in
388 1546 415 1606 ἆ,
427 1545 506 1608 hacc
525 1537 697 1630 leguntura
722 1545 871 1630 ἀσάμενοι
890 1551 935 1616 Α.
958 1553 1018 1637 28,
1045 1579 1102 1636 μυ.

33 1639 145 1723 νάμενος
164 1647 207 1712 Α.
234 1647 294 1727 69,
317 1645 426 1729 τ”ρᾶτοιι
446 1645 546 1709 indic.
572 1645 607 1709 S.
632 1647 712 1730 101,
743 1647 844 1732 ἀρασο
868 1648 904 1715 8.
928 1652 987 1738 50,
1018 1679 1100 1743 quae

32 1764 96 1808 vera
112 1747 205 1810 lectio
230 1771 249 1813 e
270 1746 418 1812 codicum
438 1745 588 1810 varietate
610 1747 680 1810 erui
701 1746 844 1834 videtur,
867 1753 952 1818 uude
972 1755 1039 1842 ipsi
1061 1755 1096 1822 S.

31 1845 65 1909 lt
83 1869 99 1910 e
119 1849 303 1934 conjectura
325 1847 437 1932 ἀραντο
460 1846 650 1935 scripsimus
670 1870 730 1934 pro
749 1848 919 1932 vipicano.
932 1889 974 1903 ·-
1017 1853 1099 1920 Stir-

30 1945 106 2033 pium
125 1949 159 2014 iu
179 1951 203 2012 oi
226 1948 317 2012 nulla
337 1948 439 2013 forma
458 1947 589 2034 legitur.

102 2047 159 2136 13)
173 2107 175 2116 ,
191 2049 303 2122 Verba
323 2049 422 2135 vulgo
452 2057 667 2113 contracta
695 2049 780 2139 apud
801 2051 941 2119 Lesbios
960 2077 1098 2144 ,semper

30 2148 282 2224 loretverborum
311 2150 347 2214 in
373 2149 408 2233 ιῖι
430 2149 601 2212 flexionem
633 2173 813 2230 assumere,
851 2152 930 2216 satis
966 2153 1096 2237 docent,

31 2273 100 2336 quae
120 2253 293 2318 attulimus.
326 2249 435 2315 -Juvat
461 2260 588 2332 tamen,
619 2261 655 2315 ut
676 2253 810 2339 quaevis
840 2253 995 2318 dubitatio
1024 2279 1096 2322 eva·

31 2363 144 2438 rescat,
184 2351 292 2418 omnia
320 2351 434 2440 paucis
462 2372 548 2414 nuuc
568 2361 724 2438 repetere.
789 2353 935 2419 Primum
955 2355 1095 2442 plurima

30 2464 109 2532 suut,
137 2455 172 2519 in
197 2452 318 2544 quibus
341 2451 520 2517 certissima
542 2473 579 2516 ea
599 2451 681 2516 ratio
701 2450 863 2519 Aeolihus
891 2456 1020 2542 propria
1040 2481 1094 2522 va-

28 2551 79 2632 let,
107 2565 141 2620 ut
170 2555 206 2620 iu
232 2553 337 2642 prima
363 2575 500 2651 persona
529 2553 654 2634 φίλημι,
689 2553 838 2634 δοκίμοιμι
859 2565 944 2636 otc,
977 2554 1013 2618 iu
1044 2581 1094 2622 se·

28 2657 119 2721 cunda
139 2667 170 2722 et
189 2653 282 2721 tertia
303 2653 422 2736 γέλοιος,
456 2651 559 2735 γε’λαι,
591 2652 627 2717 in
658 2652 753 2718 tertia
778 2653 916 2741 pluralis
938 2652 1091 2738 ῥόμβεισι,

27 2922 87 2975 Λιιιι.
105 2925 157 2980 Ox.
176 2925 207 2992 Ι,
225 2923 286 2989 362,
304 2923 347 2977 25.
364 2917 397 2977 τά
414 2917 537 2978 'Iuventia
553 2919 695 2989 ποιλιῗται,
714 2919 746 2976 τὸ
763 2917 889 2978 Αἶολιιιάν
908 2921 1039 2992 πωλῆσαι.
1058 2956 1091 2968 -

25 3005 152 3063 Heraclid.
169 3025 213 3079 ap.
232 3009 309 3062 Eust.
329 3009 408 3075 1432,
428 3011 453 3063 3.
470 3005 603 3064 Alsiensis
619 3005 670 3078 γάρ
687 3005 738 3075 τήν
755 3008 790 3062 ὂιῖ
806 3006 957 3078 δίφθογγον
969 3017 1092 3078 παρατί-

25 3091 104 3148 λεντον
120 3088 199 3150 οάσαν
216 3093 246 3148 ἓν
262 3098 319 3148 voit
334 3091 466 3147 τοιοάτοιι
482 3090 518 3147 εἰς
535 3093 556 3158 ἦ
571 3095 779 3160 paractetum,
807 3095 836 3147 οἳ
857 3099 902 3146 καί
923 3089 954 3146 τά
980 3093 1092 3150 inclei-

24 3196 68 3243 μην
83 3189 125 3236 καί
144 3177 276 3250 ε’·νοοάμην
293 3186 337 3234 καλ
354 3173 403 3232 ἀσα
420 3173 502 3248 ἀμοια
519 3175 567 3244 τῆι
584 3176 694 3246 πρώτης
711 3179 831 3248 συζυγίαι
846 3175 901 3231 τῶν
916 3187 1091 3251 περισπωμέ-

23 3280 67 3316 vav
90 3265 225 3338 εἰιαλὴμην
250 3273 294 3320 ιιαλ
319 3263 436 3334 ἒνοήμιγν
460 3266 563 3333 λέγουσι
589 3253 633 3316 nal
658 3261 704 3341 εἰιλ
728 3260 850 3333 μιτοχάν
873 3263 1019 3332 καλήμεναι
1045 3271 1093 3322 ιιαῑ

21 3347 143 3420 νῡῆμινοι.
154 3381 183 3391 -
198 3354 248 3408 Et.
260 3353 299 3405 M.
318 3353 377 3417 182,
390 3352 432 3405 48.
450 3345 545 3417 ἀγρονι
562 3355 606 3402 ιιαί
622 3345 713 3422 τροπῇ
727 3343 841 3422 Αἰολικῇ
857 3346 905 3418 mis
920 3351 955 3404 ιῑΐι
970 3349 1091 3422 διφθάγὲ

21 3453 60 3501 γον
84 3436 119 3492 sit
140 3435 179 3494 ἰἀ
205 3441 239 3505 ἦ,
260 3431 359 3508 ’ὥσπερ
386 3433 419 3500 eo*
445 3431 609 3504 φοβοάμενοι
632 3432 784 3508 φοβήμτνοι
808 3437 909 3505 γίνιται
938 3431 1031 3506 ἀχρὴι.
1056 3466 1089 3480 -

20 3515 111 3576 Scholl.
129 3525 164 3578 11.
184 3527 214 3590 ζ,
233 3525 283 3578 268
301 3523 337 3576 de
354 3529 465 3574 accentu
483 3520 613 3588 loquens:
631 3518 667 3575 τοὶ
684 3518 738 3592 γάρ
755 3517 867 3574 τοιαῦτα
884 3517 1022 3591 δίζησθαι,
1041 3526 1090 3594 pt.

19 3599 108 3672 ληοθαι
123 3607 268 3678 ἀποφαίνει
285 3602 413 3666 Αἰολιιιάν
428 3603 596 3677 χαρακτῆρα.
619 3587 630 3610 i

46 3744 86 3811 21)
121 3725 313 3810 Grammatici‚
335 3734 515 3811 quaecunque
531 3741 617 3796 verba
641 3739 669 3795 in
687 3724 809 3810 ffiapud
827 3740 976 3798 Homerum
993 3745 1013 3812 ἢ
1029 3760 1088 3799 ser·
1116 3746 1122 3762 ⁴

18 3839 87 3896 vaut,
115 3849 152 3886 ex
168 3832 285 3886 Aeolica
302 3830 421 3884 dialecto
440 3827 567 3892 derivare
584 3828 687 3894 solent,
713 3835 744 3880 ut
768 3821 918 3896 ἀλάλημαι,
941 3825 1087 3898 ἀκάχημαι,

17 3907 132 3983 δίζημαι,
159 3912 297 3984 ἀνὴμινοι,
324 3916 393 3968 adeo
418 3909 580 3982 τιθήμεναι,
608 3911 664 3964 vid.
688 3921 799 3981 praeter
815 3930 863 3978 aa,
881 3919 962 3981 'quae
985 3915 1013 3967 in
1031 3923 1087 3968 not.

16 3999 44 4052 λθ
61 4004 213 4070 attulimus,
231 4002 333 4057 Scholl.
351 4001 386 4054 ΙΙ.
404 4021 431 4064 ι,
449 4001 492 4064 24,
509 4018 534 4062 τ,
553 3999 612 4063 335,
631 3997 685 4050 06.
703 4003 733 4064 μ,
751 3999 811 4064 284,
830 3999 876 4052 Et.
895 4001 934 4052 M.
952 4002 996 4064 45,
1015 4002 1085 4054 54-

15 4085 59 4152 56,
74 4090 120 4155 233
143 4090 216 4142 Ano.
239 4090 293 4140 Ox.
313 4088 341 4154 I,
361 4088 410 4152 87,
428 4088 470 4139 30.
490 4080 595 4150 (ἀητον)
616 4081 706 4153 τροπῇ
722 4078 802 4137 corii
815 4081 852 4138 εῖτ
868 4086 888 4151 ἢ
903 4081 1034 4140 Αίολιιιῶι
1051 4079 1088 4138 uis

15 4170 42 4223 to'
58 4172 189 4243 διζίμενοι
207 4172 348 4242 διζήμενοι
365 4178 410 4224 rtet
425 4173 567 4240 τιθέμενοι
582 4165 738 4238 τιθήμεναι.
926 4211 927 4216 ,
